3234 4932
726 325 916 384 ..6.-

348 505 494 572 Correxit
523 514 630 572 autom
661 505 804 570 codicem
835 507 950 588 partlm
981 505 1095 571 eadem
1122 505 1244 570 librarii
1268 525 1381 571 manus

262 628 377 692 eaque,
400 618 435 675 ut
456 609 595 692 videtur,
619 609 723 673 statim
746 608 779 672 in
803 607 974 672 scribendo
998 608 1114 690 partim
1137 607 1257 688 aliena,
1285 621 1382 689 quam

262 711 347 776 docti
372 711 539 794 cujusdam
562 711 621 776 viri
644 711 745 776 fuisse
769 709 925 793 suspicor,
950 730 1021 775 cum
1044 709 1140 792 hujus
1163 708 1383 776 additamenta

262 813 369 878 multis
391 813 471 879 locis
494 811 653 880 medelam
677 813 826 896 afferant3
850 831 1040 894 quamquam
1065 811 1098 876 id
1122 811 1251 894 quidem
1274 811 1382 876 dolen·
1504 893 1509 900 ·

262 915 338 980 dum
362 923 422 1001 est,
446 915 532 999 quod
556 922 718 981 corrector
738 913 804 998 ille,
829 935 901 978 cum
924 933 999 979 suas
1020 913 1263 980 emendationes
1283 913 1382 997 priori

262 1018 441 1103 scripturae
472 1037 570 1102 supra
602 1017 722 1082 addere
754 1017 884 1100 soleret,
923 1022 1031 1081 tamen
1061 1015 1149 1080 haud
1180 1035 1253 1080 raro
1285 1015 1382 1082 etiam

261 1121 399 1203 priorem
424 1121 521 1186 erasit
543 1127 575 1186 et
597 1139 688 1186 suam
710 1121 745 1184 in
768 1139 879 1184 erasae
901 1119 1008 1184 locum
1031 1117 1164 1202 scripsit.

346 1223 395 1288 Ex
418 1222 446 1286 V
461 1222 573 1288 codice
594 1221 692 1305 igitur
708 1242 747 1287 ea
762 1220 897 1286 Ausonii
913 1220 1057 1285 carmina
1073 1219 1228 1303 originem
1245 1219 1383 1287 traxisse

261 1323 422 1409 videntur,
446 1345 529 1408 quae
553 1325 585 1388 in
608 1324 658 1389 his
682 1323 847 1388 codicibus
871 1329 1017 1388 exstant:

346 1425 380 1509 2)
404 1427 507 1492 codex
530 1431 736 1506 Saupalleosr's
755 1424 981 1508 ·misoellan.,⁸)
1009 1445 1142 1490 numero
1171 1428 1231 1490 899
1255 1430 1383 1492 notatus

262 1528 310 1603 (in
333 1528 440 1594 titulo:
471 1528 529 1614 Ep.
553 1526 752 1613 Symmachi,
784 1534 814 1592 ot
839 1528 937 1612 paulo
963 1527 1097 1592 inferius
1121 1529 1193 1593 stilo
1218 1534 1383 1594 cerussato

261 1649 413 1696 numerus
437 1633 497 1698 867
522 1630 652 1696 additus
683 1637 743 1714 est,
775 1629 914 1695 fortasse
941 1630 982 1694 ab
1011 1631 1047 1695 G.
1070 1631 1240 1714 Haenelio,
1273 1629 1384 1714 quiin

262 1733 356 1798 catal.
378 1733 448 1798 libr.
470 1753 630 1799 manuscr.
652 1732 739 1816 Lips.
767 1737 845 1798 1830
872 1731 914 1796 ad
943 1753 1062 1796 annum
1087 1735 1146 1796 867
1171 1751 1242 1796 eum
1266 1731 1383 1814 refert),

261 1835 540 1920 membranaceus,
570 1834 707 1900 sortasse
731 1853 815 1900 saec.
843 1835 899 1898 XI.
927 1832 980 1917 (ci.
1008 1834 1252 1918 Bocchingium,
1274 1833 1383 1898 Jahrb.

262 1936 291 2000 d.
314 1937 449 2002 Vereins
479 1957 508 2002 v.
531 1938 567 2000 Α.
595 1936 614 2001 i.
637 1935 761 2002 Rheinl.
788 1935 874 2019 VII).
928 1938 1042 2002 Insunt
1070 1937 1259 2002 Ausoniana
1288 1935 1384 2001 haec:

261 2043 333 2122 p.3
366 2038 469 2124 Edyll.
501 2039 576 2123 Xll,
609 2060 638 2123 p.
667 2044 685 2102 4
719 2038 822 2124 Edyll.
852 2038 965 2103 XVIII
994 2038 1056 2122 (vv.
1090 2044 1211 2103 11-17
1243 2038 1383 2121 desunt),

260 2161 290 2224 p.
315 2145 354 2206 22
378 2141 482 2226 Edyll.
498 2143 529 2205 X
544 2142 691 2225 Mosella,
715 2141 801 2224 quod
826 2161 955 2207 carmen
977 2140 1011 2204 in
1033 2139 1094 2206 hoc
1118 2140 1230 2206 codice
1246 2140 1383 2224 optimas

262 2243 391 2308 omnino
413 2243 588 2326 scripturas
613 2243 797 2327 praebebit)
820 2265 849 2326 p.
871 2249 910 2308 45
934 2243 1038 2326 Edyll.
1058 2244 1152 2326 XIX,
1172 2263 1202 2326 p.
1219 2247 1258 2306 47
1282 2242 1384 2326 Edyll.

260 2345 351 2425 XVI;
381 2351 550 2429 praeterea
579 2367 608 2430 p.
636 2349 654 2408 2
683 2344 822 2428 epistola
850 2345 1034 2429 Symmachi
1063 2345 1105 2409 ad
1131 2345 1250 2410 Auson.
1280 2344 1385 2430 prima

261 2447 345 2533 (Bip.
367 2468 398 2531 p.
421 2451 509 2524 336).

345 2548 475 2633 Edyllia
490 2549 688 2613 XVI-XIX
705 2569 723 2614 e
738 2549 767 2614 V
788 2549 898 2616 codice
919 2550 1051 2616 fluxisse
1067 2551 1246 2636 scripturae
1268 2549 1385 2616 docent

260 2649 401 2714 maxima
424 2656 576 2734 exparte
600 2651 840 2735 conspirantes,
872 2672 912 2717 ex
940 2673 1002 2735 quo
1030 2653 1117 2718 fonte
1139 2653 1293 2717 Mosellae
1317 2671 1383 2717 car-

260 2773 346 2838 men,
379 2753 465 2835 quod
501 2753 534 2818 in
566 2753 594 2815 V
624 2773 690 2817 non
722 2759 838 2838 exstat,
876 2753 1067 2819 exhaustum
1104 2754 1146 2820 sit
1175 2754 1305 2820 difficile
1337 2759 1386 2817 est

262 2856 366 2940 dictu,
396 2875 457 2921 nec
488 2854 657 2940 quisquam
689 2853 796 2920 adhuc
827 2855 860 2919 in
882 2855 966 2922 hauc
993 2877 1059 2922 rom
1083 2857 1256 2941 inquisivit.
1307 2855 1385 2920 Mihi

260 2959 389 3041 quidem
417 2957 484 3022 veri
511 2956 598 3021 haud
628 2956 790 3042 dissimile
811 2957 951 3042 videtur,
981 2959 1078 3023 etiam
1108 2959 1170 3024 hoc
1194 2977 1321 3024 carmen
1345 2977 1385 3023 ex

260 3060 386 3125 ecdem
410 3060 498 3126 fonte
534 3059 681 3144 fluxisse,
720 3067 805 3128 certe
837 3060 921 3126 enim
953 3061 1027 3125 olim
1057 3081 1095 3125 eo
1126 3067 1283 3144 tempore,
1321 3081 1383 3144 quo

260 3161 473 3244 Sangallense
496 3163 661 3245 exemplar
677 3162 931 3248 describebatur,
955 3163 1037 3228 inter
1054 3163 1153 3226 multa
1168 3162 1234 3226 alla
1248 3162 1385 3227 Mosella

260 3283 388 3347 quoque
412 3263 561 3328 exstabat
583 3263 616 3326 in
638 3264 749 3352 primis
766 3270 915 3348 quattuor
932 3263 1208 3349 quaternionibus,
1232 3264 1286 3346 qui
1307 3271 1382 3329 tcm-

261 3386 374 3449 porum
397 3365 516 3450 injuria
538 3365 695 3452 deperditi
719 3372 800 3430 sunt.

344 3466 379 3549 3)
403 3466 513 3532 Codex
543 3475 703 3535 Vossianus
731 3487 864 3533 numero
893 3472 932 3533 33
960 3472 1101 3552 notatus,
1133 3468 1174 3532 ab
1202 3468 1239 3531 Il.
1267 3467 1383 3550 Keilio,

259 3568 313 3652 qui
338 3589 471 3652 gramm.
499 3571 550 3636 lat.
583 3573 630 3636 llI
658 3593 687 3655 p.
716 3572 880 3638 389-’391
915 3569 1095 3635 accuratius
1123 3590 1194 3636 eum
1222 3569 1383 3653 describit,

259 3670 301 3735 ad
324 3671 365 3736 X.
388 3671 510 3735 saeculi
537 3672 643 3738 fontes
672 3675 806 3756 relatus,
831 3673 959 3740 exhibet
980 3674 1063 3738 inter
1083 3673 1217 3738 aliorum
1241 3675 1383 3737 earmina
1442 3753 1445 3762 Ι

327 3893 348 3957 ⁸)
367 3895 477 3947 Uberius
495 3896 527 3945 de
544 3896 594 3946 hoc
612 3897 702 3947 codice
729 3898 868 3962 disputavit
886 3897 914 3948 C.
934 3893 1098 3958 Schenklius,
1120 3897 1238 3947 Berichte
1261 3897 1285 3946 d.
1308 3898 1333 3947 k.
1356 3897 1381 3946 k.

257 3982 339 4032 Acad.
358 3983 381 4031 d.
401 3983 555 4033 Wissenseh.
575 3981 811 4046 1863‚xr.111.p.
831 3982 871 4032 67.
1174 3983 1176 3988 '

326 4064 348 4128 ⁰)
367 4067 433 4118 Cum
452 4068 576 4118 Raehsius
595 4069 626 4118 de
644 4083 671 4118 re
689 4077 760 4118 meu.
780 4070 879 4117 Auson.
898 4084 923 4132 p.
942 4067 957 4117 4
976 4082 1066 4130 exeo,
1085 4070 1154 4132 quod
1174 4070 1256 4120 codex
1274 4069 1381 4132 Sangal-

257 4151 332 4202 lensis
350 4153 502 4204 Mosellae
525 4154 662 4217 scripturas
682 4153 791 4217 optimas
815 4153 930 4217 praebet,
955 4154 1023 4204 huuc
1049 4155 1152 4204 omnino
1176 4170 1267 4219 agmen
1291 4156 1381 4204 ducere

258 4235 325 4285 inter
343 4237 509 4288 Ausonianos
534 4240 634 4288 codices
657 4239 798 4298 concludit,
825 4253 879 4286 non
903 4245 970 4287 recte
992 4239 1110 4302 judicat,
1139 4253 1199 4290 nam
1223 4255 1274 4289 non
1298 4239 1381 4288 solum

257 4328 356 4382 aetate,
385 4338 472 4373 verum
502 4325 578 4374 edam
605 4324 684 4374 multo
712 4322 810 4386 majore
837 4323 980 4372 carminum
1007 4339 1070 4388 quos
1098 4325 1199 4375 exhibet
1224 4338 1328 4373 numero
1356 4323 1379 4373 V

257 4408 468 4472 praestantiorem
486 4423 539 4461 esse
557 4415 663 4459 constat
