3234 4932
716 1085 936 1178 VITA.

347 1466 432 1549 Ego,
456 1464 591 1530 Carolus
616 1463 690 1529 Otto
712 1463 786 1550 Ant,
808 1471 904 1530 natus
928 1483 999 1529 sum
1022 1461 1074 1527 dic
1096 1463 1149 1528 lV.
1174 1463 1294 1529 mensis
1310 1463 1385 1530 Julii

263 1566 339 1632 anni
363 1552 645 1632 MDGOCXLVIII
677 1566 710 1630 in
742 1567 814 1631 vico
843 1567 1017 1652 Senoniae,
1049 1566 1103 1650 qui
1136 1565 1386 1653 Niederstriegis

263 1671 459 1756 appellatur:
482 1678 574 1754 patre
590 1669 736 1752 Augusto
753 1669 974 1754 Ferdinando,
994 1677 1124 1752 pastore
1145 1669 1232 1752 apud
1255 1669 1388 1737 Nieder-

264 1771 505 1856 striegisenses,
529 1779 630 1837 matre
646 1771 773 1836 Alwina
796 1793 814 1836 e
839 1779 934 1854 gente
960 1771 1102 1837 Wiliscb.
1142 1773 1238 1837 Patre
1263 1781 1387 1839 mortuo

263 1875 400 1961 primum
423 1874 607 1958 gymnasio,
630 1875 715 1959 quod
739 1873 783 1939 ad
798 1871 913 1940 aedem
931 1871 975 1939 St.
991 1873 1103 1938 Crucis
1125 1881 1186 1958 est,
1210 1874 1388 1941 Drasdensi

263 1998 303 2044 ac
324 1977 461 2043 triennio
484 1982 558 2060 post
581 1976 713 2042 scholae
735 1978 846 2061 regiae
869 1977 1012 2042 Airanae
1035 1976 1216 2062 Misniensi,
1240 1978 1289 2042 cui
1313 1984 1389 2044 tunc

264 2079 450 2146 Fridericus
474 2079 636 2146 Frankins
659 2087 766 2146 rector
786 2085 951 2166 praeerat,
984 2078 1152 2144 erudiendi
1176 2099 1277 2146 cansa
1300 2103 1387 2146 man-

264 2183 360 2249 datus
383 2203 462 2248 sum.
516 2181 594 2246 Cum
619 2183 767 2248 absoluto
792 2182 1009 2267 quinquennio
1033 2182 1224 2247 maturitatis
1247 2185 1386 2250 testimo·

263 2287 351 2351 nium
373 2291 488 2350 neotus
511 2305 630 2370 essem,
657 2285 859 2351 academiam
886 2285 1062 2349 litterarum
1085 2285 1285 2369 Iripsiensem
1312 2286 1385 2368 adii,

264 2395 298 2454 ut
321 2387 436 2452 studiis
460 2387 599 2452 manime
621 2386 825 2472 philologieis
848 2386 1073 2452 incumberem.
1126 2387 1258 2454 Interfui
1279 2394 1384 2454 autern

264 2489 383 2556 sobolis
412 2488 524 2574 Curtii,
557 2489 689 2574 Klotzii,
720 2489 848 2573 Langii,
880 2489 995 2575 Lipsii,
1028 2489 1206 2575 Ritschelii,
1238 2490 1387 2556 Zarnckii

263 2590 480 2678 philologieis,
503 2591 666 2677 Ahrensii,
688 2592 885 2674 Drobisebii,
910 2592 1126 2678 Struempcllii
1148 2591 1389 2677 philosophicis,

268 2693 447 2759 Eeksteinii
463 2694 704 2779 paedagogica,
715 2693 1015 2778 Voigtiibintoricis,
1031 2694 1222 2761 Ouerbeekii
1238 2695 1389 2760 arcbaeo·

262 2795 386 2880 logicis.
440 2795 503 2861 Per
533 2796 698 2860 biennium
730 2796 854 2862 sodalis
886 2795 930 2862 sui
962 2797 1125 2862 seminarii
1156 2797 1389 2882 philologorum

263 2898 358 2984 regii,
380 2917 439 2984 per
462 2903 519 2964 se‘x
546 2919 676 2965 menses
700 2898 837 2965 senioris
859 2920 991 2966 munere
1007 2901 1157 2984 fungens,
1181 2908 1213 2965 et
1229 2901 1391 2967 societatis

262 3001 390 3068 Klotzii.
443 3002 605 3087 Imprimis
632 3001 760 3086 gaudeo
787 3003 953 3069 Ritsohelii
981 3009 1013 3066 ot
1040 3002 1138 3068 Curtii
1165 3003 1390 3069 benevolentia

265 3104 386 3170 sactum
409 3124 492 3190 esse,
515 3112 682 3171 uteorum
705 3104 911 3172 societatibus
933 3105 1130 3171 interessem.
1168 3104 1259 3184 Quae
1282 3105 1390 3172 studia

265 3226 339 3272 mea
362 3205 412 3272 bis
435 3207 613 3292 interrupta
636 3212 721 3291 sunt,
752 3208 890 3292 primum
919 3207 1087 3292 stipendiis
1115 3208 1304 3274 voluntariis
1331 3227 1389 3292 per

268 3329 389 3374 annum
412 3309 441 3374 h.
465 3331 489 3376 s.
511 3309 648 3374 LXVIII
675 3309 845 3394 faciendis,
875 3316 941 3374 tum
969 3330 996 3375 a.
1020 3310 1109 3374 LXX
1138 3318 1169 3377 et
1196 3311 1300 3375 LXXI
1322 3319 1388 3376 tam

264 3411 393 3478 sinistro
423 3433 516 3496 quam
548 3411 642 3478 nobis
673 3411 814 3496 glorioso
848 3412 932 3477 bello
965 3412 1222 3498 Francogallioo,
1254 3433 1293 3480 ex
1325 3433 1387 3496 quo

265 3515 341 3598 (deo
364 3515 501 3598 gratini)
524 3514 649 3598 integer
671 3514 773 3580 redux
795 3515 899 3581 lactus
922 3535 1000 3580 sum.

621 3857 1026 3873 —n--m
1103 3861 1106 3867 ι
