3234 4932
644 291 853 351 ..13-

202 523 205 526 .
271 477 391 537 Antonii
411 475 550 536 Bernerii
571 471 653 536 libro
676 471 762 538 idem
784 471 839 538 ille
857 472 1013 556 Ugoletus
1036 493 1114 538 usus
1138 479 1202 538 est:
1226 473 1311 538 uude

187 574 361 639 Periochas
384 573 416 637 in
439 574 571 638 Homeri
595 574 731 639 Iliadem
755 583 787 640 et
810 573 991 658 Odysseam
1015 575 1129 641 hausit.

273 676 333 741 Hic
363 677 471 742 statim
499 682 565 741 tres
594 676 722 742 codices
745 676 912 742 Parisinos
941 677 1147 761 subjungam,
1178 699 1313 760 quorum

194 779 256 842 duo
278 779 416 863 priores,
453 801 524 845 cum
546 779 710 844 nonnullis
737 778 817 844 loeis
849 799 918 842 cum
943 779 1139 862 Ugoletiana
1171 779 1313 845 editione

188 881 383 965 conspirent,
416 881 544 964 cognati
567 882 694 946 Tiliano
724 880 829 946 codici
857 899 929 945 esse
952 880 1116 964 videntur,
1148 881 1188 946 de
1220 882 1312 947 tertio

186 983 272 1047 idem
307 984 466 1067 suspicor,
507 983 669 1048 affirmare
699 991 808 1048 tamen
839 1002 978 1067 nequeo,
1012 1005 1083 1048 cum
1115 983 1210 1065 hujus
1240 983 1313 1048 libri

190 1087 321 1150 collatio
345 1087 379 1150 in
402 1086 553 1150 manibus
576 1085 655 1148 mihi
678 1106 743 1149 non
767 1085 816 1150 sit.

272 1195 429 1254 Parisinus
458 1211 506 1253 no.
528 1191 613 1250 7558
642 1188 817 1252 membran.
840 1207 925 1252 saec.
957 1187 1011 1252 IX.
1065 1189 1180 1252 Insunt
1209 1188 1310 1253 haec:

187 1298 272 1374 quat.
293 1291 361 1354 XII
385 1290 487 1353 oratio
504 1289 614 1354 Sancti
630 1289 760 1354 Paulini
776 1288 1002 1373 (Omnipotens
1025 1291 1151 1372 genitor
1174 1290 1312 1374 rerum);

188 1395 290 1458 oratio
314 1412 354 1455 ex
374 1391 594 1474 ephemeride,
617 1393 735 1458 Auson.
753 1393 844 1475 epist.
860 1393 953 1456 XXV
969 1399 1001 1456 et
1015 1393 1143 1476 XXIII,
1165 1393 1311 1457 Ausonio

188 1495 359 1560 Paulinus:
391 1498 506 1572 Before
535 1515 580 1557 rne
610 1499 659 1558 59.
694 1492 775 1576 (Bip.
803 1515 854 1576 pp.
879 1499 1075 1578 345-352);
1105 1503 1189 1577 quat.
1217 1495 1312 1558 XIII:

187 1597 306 1661 Auscn.
334 1595 567 1679 epist-XXIV,
598 1617 647 1660 vv.
677 1599 845 1660 103-132
872 1595 954 1678 (Bip.
982 1617 1011 1678 p.
1035 1602 1125 1679 280),
1157 1597 1312 1660 Paulinus

186 1697 331 1762 Ausonio
348 1684 496 1778 (Quarta
518 1705 600 1762 redit
614 1704 700 1762 duris
722 1733 760 1742 -
785 1703 811 1760 si
832 1704 928 1762 oivarn
949 1703 1091 1772 utlibet)
1113 1719 1162 1764 vv.
1187 1703 1311 1763 l-Ino

188 1801 272 1883 (Bip.
296 1821 348 1884 pp.
372 1803 562 1877 ann-345).

272 1910 429 1968 Parisinus
458 1926 506 1968 no.
528 1905 614 1966 8284
644 1903 820 1968 membran.
851 1902 1074 1968 videturesse
1098 1904 1221 1969 saeculi
1243 1905 1312 1970 XV.

187 2005 300 2070 Insunt
321 2005 355 2069 in
378 2025 416 2070 eo
439 2012 567 2089 praeter
589 2003 762 2088 Martialis,
793 2004 929 2069 aliorum
953 2005 1051 2070 etiam
1074 2006 1211 2072 Ausonii
1233 2026 1310 2072 nou·

187 2108 276 2182 nulla
298 2108 541 2190 epigrammata.

272 2217 429 2275 Parisinus
450 2232 498 2274 no.
520 2213 606 2274 8500
629 2209 804 2273 membran.
834 2207 961 2274 ridetur
983 2229 1068 2274 saec.
1091 2209 1174 2273 XIV.
1198 2229 1311 2274 exara-

186 2321 252 2396 tus,
292 2313 421 2377 exhibet
452 2319 581 2395 praeter
610 2311 772 2394 Fulgenlii
807 2311 1036 2396 mythologias,
1073 2311 1240 2376 Prudenlii
1272 2312 1312 2378 de

187 2420 303 2479 natura
332 2415 460 2479 animae
487 2424 519 2479 et
546 2416 587 2480 de
615 2414 680 2478 lide
709 2413 865 2497 carmina,
897 2414 1083 2498 Symmachi
1114 2422 1146 2480 et
1175 2416 1311 2479 aliorum

187 2513 231 2578 ad
245 2517 424 2580 Ausonium
447 2517 602 2599 epistulas
618 2515 806 2580 Ausoniana
829 2514 926 2580 haec:
949 2516 1059 2580 ludum
1082 2524 1113 2581 et
1133 2517 1311 2582 sententias

186 2617 250 2682 VII
272 2617 422 2703 sapient,
448 2619 620 2702 periochas
643 2617 677 2682 in
700 2619 807 2696 Hom,
830 2617 959 2682 Paulini
982 2627 1014 2683 et
1035 2620 1171 2684 Ausonii
1194 2620 1312 2701 epistu-

185 2720 235 2785 las
266 2726 408 2805 mutuas,
439 2720 529 2804 epist.
557 2720 600 2784 ad
628 2721 857 2805 Symmachum
886 2720 981 2805 edyll.
1003 2721 1034 2804 I,
1070 2721 1175 2786 clares
1205 2723 1310 2787 urbes.

716 2895 773 2956 111.

271 3027 322 3092 De
353 3027 469 3092 ceteris
500 3026 533 3090 in
563 3027 680 3110 quibus
712 3029 903 3093 Ausoniana
940 3027 1049 3090 insunt
1085 3026 1176 3092 libris
1213 3046 1311 3090 manu

188 3128 316 3214 scriptis
341 3149 411 3194 cunr
434 3129 514 3194 nihil
538 3130 605 3196 lere
628 3131 690 3194 nisi
713 3130 800 3214 quod
822 3131 855 3194 in
878 3129 1133 3195 biblotheoarum
1149 3129 1310 3194 indicibus

187 3238 289 3322 exstat
312 3239 507 3316 compertum
531 3233 685 3317 habeam,
709 3233 786 3316 quia
807 3253 912 3316 nequo
936 3231 1037 3297 oculis
1060 3231 1134 3296 illos
1148 3232 1310 3316 inspicere

80 3411 88 3418 ,
186 3351 291 3416 neque
315 3334 484 3399 collatione
507 3335 552 3398 uti
576 3334 652 3400 mihi
678 3334 823 3418 contigit,
856 3335 883 3399 si
911 3355 998 3400 mera
1024 3341 1149 3398 tantum
1178 3333 1310 3398 nomina

185 3433 262 3500 hine
283 3436 370 3501 illiue
394 3437 529 3502 collecta
552 3438 698 3518 afferam,
724 3439 853 3502 veniam
876 3446 960 3522 peto.
1005 3436 1093 3513 Quos
1118 3435 1247 3518 quidem
1271 3455 1310 3500 ea

102 3549 103 3554 ’
184 3537 258 3622 lege
281 3540 490 3624 enumerabo,
513 3548 559 3623 ut,
582 3539 698 3622 quibus
720 3539 754 3602 in
776 3539 1015 3622 exemplaribus
1032 3557 1161 3604 carmen
1178 3538 1310 3622 aliquod
1355 3624 1357 3628 .

185 3640 375 3725 reperiatur,
398 3633 513 3706 statim'
529 3642 633 3724 possit
656 3641 818 3724 cognosci.

230 3747 256 3808 I.
278 3747 529 3826 Epigrammata:

321 3847 448 3931 xvur,
470 3846 599 3929 xxrrr,
621 3846 724 3930 unu,
748 3846 854 3912 oxrx
875 3854 1002 3913 exstant
1024 3846 1058 3910 m
1074 3845 1144 3910 coc.
1159 3847 1309 3910 Laurens.
1439 3823 1442 3827 ’

365 3949 443 4032 plut.
465 3954 503 4014 91
529 3969 581 4014 no.
605 3953 653 4013 42.

321 4049 445 4137 LXXII
476 4051 626 4134 (Abjecta
655 4051 689 4116 iu
719 4050 821 4116 triviis
845 4057 902 4134 sq.)
931 4051 965 4114 in
987 4051 1138 4115 Laurent.
1163 4048 1241 4132 plu't.
1268 4051 1307 4114 33

363 4175 415 4219 nc.
438 4159 476 4220 31
502 4171 586 4218 saec.
611 4153 693 4218 XIV.

409 4257 558 4322 Laurent.
581 4254 658 4340 plut.
682 4259 722 4320 89
744 4277 797 4320 no.
820 4260 860 4320 25
884 4275 968 4322 saec.
991 4256 1072 4320 Xlll

411 4358 618 4444 Sangallensi
640 4378 691 4422 no.
714 4361 775 4422 397
800 4377 884 4424 saec.
908 4358 963 4422 IX.

1139 4462 1154 4512 2
