3234 4932
754 323 942 384 ,2-

287 508 328 573 ab
351 477 415 572 udo
439 506 567 592 quidam
590 507 755 591 philologo
778 507 829 573 his
847 513 978 574 ‘centum
1001 513 1033 572 et
1055 505 1187 589 triginta
1209 505 1303 571 annis
1329 511 1410 571 trac·

286 615 355 676 tata
386 615 468 676 sunt.
519 608 612 676 Unde
642 609 778 694 primum
805 609 867 674 hoc
894 609 1050 692 sequitur,
1077 614 1111 672 01
1141 607 1239 674 editio
1269 609 1409 693 perlecto

286 719 443 797 apparatu
467 712 577 777 critico
600 712 772 796 instructa,
795 711 923 795 qualem
942 710 1061 776 nostris
1081 710 1195 775 saltem
1211 710 1409 794 temporibus

285 813 488 899 requirimus,
511 814 686 880 admodum
702 813 919 896 desideratum
941 833 1017 877 nam
1038 812 1148 896 editio,
1172 832 1255 894 quac
1270 813 1409 878 Londini

285 937 314 981 a.
340 920 421 983 1832
443 916 583 982 maxime
606 913 1132 1000 01800010011011010001011111,
1155 915 1305 998 quamvis
1320 915 1409 980 illam

285 1039 364 1103 prae
388 1039 424 1084 se
446 1019 530 1084 ferat
553 1018 705 1102 speciem,
725 1023 834 1083 tamen
857 1016 936 1081 nibil
958 1016 1047 1082 aliud
1071 1024 1120 1082 cst
1135 1016 1199 1081 nisi
1214 1016 1320 1082 denuo
1337 1038 1408 1100 pro-

286 1122 352 1187 dita
374 1121 548 1206 Bipontina
571 1124 697 1186 01785
724 1141 795 1185 cum
818 1118 934 1185 iisdem
957 1118 1079 1184 Floridi
1107 1125 1138 1183 ct
1161 1118 1321 1184 Souchaei
1343 1119 1410 1183 ani-

285 1222 580 1307 madversionibus,
602 1222 688 1288 notis
711 1222 872 1286 variorum
888 1241 969 1305 quas
985 1220 1097 1286 dicunt
1111 1228 1214 1286 aucta.
1257 1221 1409 1305 Exceptis

285 1332 392 1390 autem
420 1325 542 1392 Jacobo
573 1324 677 1388 Γ101110
689 1321 713 1407 ³)
747 1331 778 1389 et
808 1323 948 1388 Henrieo
971 1323 1126 1408 Boltio,⁴)
1159 1323 1214 1406 qui
1246 1324 1409 1408 propriam

286 1426 449 1510 quandam
466 1426 660 1494 emendandi
676 1427 763 1491 viam
777 1426 916 1509 ingressi
932 1433 1013 1510 sunt,
1030 1425 1126 1492 ceteri
1142 1427 1281 1492 editores
1298 1446 1409 1492 omnes

283 1529 317 1594 in
348 1529 456 1595 verbis
488 1528 622 1594 Ausonii
655 1527 886 1593 constituendis
917 1527 1081 1592 redierunt
1117 1526 1159 1593 ad
1195 1548 1289 1594 curas
1320 1528 1409 1592 haud

284 1631 464 1697 mediocres
487 1631 580 1697 Eliae
602 1630 709 1695 Vineti
733 1638 764 1696 ct
784 1629 918 1713 Josephi
941 1629 1107 1713 Scaligeri.
1161 1630 1250 1707 Quos
1280 1630 1408 1713 quidem

283 1734 370 1799 viros
395 1733 507 1798 doctos
531 1731 689 1816 corruptis
711 1739 828 1815 poetae
852 1731 978 1814 scriptis
996 1738 1149 1814 quantum
1172 1732 1213 1796 ab
1236 1732 1322 1798 illius
1345 1753 1408 1796 me·

283 1835 406 1900 moriae
428 1834 600 1920 philologis
625 1834 694 1898 fieri
717 1833 857 1917 potuerit
877 1833 1040 1917 profuisse
1058 1835 1189 1900 minime
1205 1834 1408 1918 negaverim

284 1937 317 2002 id
347 1944 451 2002 autem
482 1938 577 2022 plane
607 1935 819 2021 profitendum
852 1943 914 2020 cst,
954 1955 1019 2000 non
1050 1936 1139 2000 nulla
1171 1942 1320 2021 corrupta
1351 1955 1407 2001 eos

283 2039 406 2105 intaeta
428 2039 611 2122 reliquisse,
632 2039 733 2104 multa
755 2036 844 2101 haud
866 2038 1076 2120 probabiliter
1096 2045 1247 2103 mutasse.
1288 2039 1323 2102 ln
1344 2037 1407 2120 pri-

283 2141 344 2206 mis
359 2141 456 2224 igitur
470 2141 544 2206 illos
561 2159 677 2206 censeo
694 2147 802 2206 vetere
825 2140 936 2206 codice
953 2140 1163 2224 Lugdunensi
1178 2141 1284 2206 isaaci
1299 2139 1408 2206 Vossii

282 2265 333 2309 no.
358 2249 414 2308 111
441 2250 566 2326 notato,
590 2263 652 2324 quo
668 2236 1048 2323 tanquam'lundamento
1066 2242 1194 2327 scriptis
1210 2241 1406 2308 Ausonianis

283 2344 515 2412 constituendis
539 2345 590 2409 usi
613 2351 700 2427 sunt,
722 2364 787 2408 non
809 2344 855 2409 ita
877 2350 909 2408 ut
932 2345 1101 2429 oportebat
1122 2365 1199 2410 usos
1223 2363 1310 2428 esse,
1334 2364 1406 2408 cum

283 2447 365 2513 alias
389 2447 579 2531 scripturas,
611 2465 692 2530 quas
720 2466 834 2529 parum
867 2435 1037 2530 diligenter
1058 2449 1216 2531 legerant,
1248 2447 1407 2512 10100011-

284 2550 476 2631 scriberent,
499 2549 593 2632 alias,
619 2568 701 2630 quae
719 2568 830 2614 ausam
848 2548 1082 2615 emendationis
1099 2550 1300 2633 aptissimam
1315 2547 1407 2632 prae-

282 2652 371 2736 bent,
402 2670 533 2735 prorsus
567 2650 761 2733 omitterent,
792 2649 875 2714 alias
904 2669 961 2732 per
987 2651 1128 2734 aliquem
1156 2671 1296 2716 errorem
1320 2656 1406 2715 ortas

282 2759 456 2836 aperteque
479 2751 581 2816 falsas
604 2751 850 2834 quibuscunque
871 2753 1069 2834 argumentis
1091 2753 1250 2836 genuinas
1271 2751 1407 2816 Ausonii
1495 2792 1498 2797 -

283 2874 356 2920 esse
380 2853 539 2920 docerent.
584 2855 698 2936 ltaque
721 2873 787 2918 nou
810 2853 870 2919 abs
898 2875 933 2919 10
963 2853 1031 2920 fore
1057 2854 1182 2939 putavi,
1210 2854 1322 2920 codice
1350 2854 1405 2919 illo

283 2963 436 3041 quantum
467 2978 525 3041 pro
557 2956 677 3023 viribus
709 2955 789 3020 meis
827 2955 968 3040 datoque
1005 2957 1157 3040 temporis
1196 2957 1301 3042 spatio
1336 2955 1406 3021 fieri

281 3057 602 3143 001010101000005)
633 3059 796 3124 nonnullis
826 3059 983 3142 exemplis
1007 3059 1137 3144 docere,
1164 3079 1248 3142 quae
1275 3065 1406 3142 quanta·

283 3181 345 3245 que
374 3163 549 3226 auctoritas
580 3159 694 3226 codici
707 3159 867 3228 Vossiano
899 3167 955 3226 111
991 3159 1032 3244 (V
1065 3161 1255 3246 compendio
1282 3161 1317 3225 in
1345 3159 1408 3224 hac

283 3262 552 3328 commentatione
574 3263 762 3346 plerumque
784 3263 870 3346 utar)
893 3262 1062 3328 tribuenda
1085 3263 1134 3329 sit.
1171 3263 1263 3329 Prius
1286 3269 1403 3346 autern,

249 3357 252 3364 ’
282 3385 378 3448 quam
401 3363 507 3450 ipsum
530 3363 591 3430 hoc
607 3387 722 3431 munus
742 3363 931 3450 suscipiam,
953 3386 1086 3450 prorsus
1102 3366 1319 3432 necessarium
1335 3383 1407 3430 esse

281 3467 359 3530 mihi
390 3466 528 3553 videtur,
565 3474 601 3532 ut
632 3468 671 3534 de
702 3467 792 3532 libris
822 3467 1019 3533 Ausonianis
1051 3467 1276 3550 manuscriptis
1306 3474 1337 3533 01
1366 3466 1407 3533 dc

350 3740 372 3805 ³)
391 3743 422 3792 D.
445 3743 535 3806 Magni
554 3743 663 3792 Ausonii
682 3743 789 3806 Burdig.
809 3758 888 3806 opera
906 3743 1020 3792 Jacobus
1038 3742 1138 3791 Tollius
1159 3743 1283 3792 recensuit
1301 3749 1325 3792 et
1341 3743 1404 3791 inte-

282 3829 334 3894 gris
352 3829 476 3892 scaligeri
494 3835 541 3878 etc.
560 3829 628 3878 notis
647 3843 764 3878 necnon
784 3836 808 3878 et
826 3828 877 3877 suis
896 3827 1158 3877 animadversionibus
1176 3827 1322 3890 illustravit,
1341 3828 1403 3876 Am·

281 3915 414 3964 stelodami
435 3913 507 3979 1611.

349 3995 373 4060 ⁴¹)
400 3999 505 4048 chrici
524 3999 584 4048 Bolt
602 3999 673 4050 Silva
692 3999 802 4061 0111100,
830 3997 858 4047 in
885 4013 935 4062 qua
959 3997 1100 4062 compluria
1124 4003 1258 4049 0001010111
1281 4005 1402 4060 veterum,

281 4083 391 4132 Ausonii
410 4085 569 4148 praesertim,
588 4085 702 4134 1000101
721 4087 888 4134 emendantur
906 4085 944 4132 vel
963 4083 1136 4145 vindicantur,
1153 4081 1268 4134 Harlemi
1288 4083 1361 4135 1766.

350 4165 372 4229 ¹⁵)
395 4168 511 4219 Summas
534 4170 613 4220 debeo
637 4171 733 4234 gratiss
758 4169 885 4222 Gulielmo
914 4169 948 4218 du
976 4169 1055 4230 Rieu,
1082 4169 1251 4220 bibliothecae
1273 4171 1403 4221 Leidensis

282 4253 470 4316 conservatori,
499 4256 541 4318 qui
568 4256 750 4320 benignissimo
777 4257 844 4306 hunc
867 4257 984 4306 codicem
1014 4255 1161 4304 conferendi
1188 4271 1265 4306 causa
1288 4257 1404 4321 Lipsiam

282 4339 344 4387 milri
364 4339 479 4389 misitne
498 4341 575 4404 paulo
595 4349 654 4406 post
672 4343 749 4391 etium
766 4343 862 4392 codicis
880 4341 1001 4391 Vossiani
1020 4355 1054 4389 no
1074 4339 1105 4389 33
1126 4342 1288 4392 collationem
1305 4356 1405 4393 mecum

281 4425 486 4474 communicavit.
