3234 4932
729 295 939 358 ..pp..

273 483 378 564 nunqci
401 481 476 548 oriri
497 482 606 565 itaque
622 481 703 548 baec
718 481 917 567 praepositio
937 481 1127 548 intercidere
1143 480 1281 565 poterat)
1298 487 1394 566 atque

275 586 322 652 sic
344 585 429 651 bunc
451 587 557 652 locum
581 583 787 650 scribendum
810 604 900 650 csso:
1170 576 1173 584 '

573 692 712 763 dammis
732 694 806 752 satis
828 707 978 766 nunquam
1001 709 1022 752 c
1042 695 1103 753 reis

569 795 638 855 Fiat
653 800 786 870 precatu
807 795 944 853 mamitus.

359 891 437 957 Loci
460 891 660 958 invitationis
683 895 747 956 ut
769 890 803 955 in
827 890 974 956 omnibus
997 889 1191 957 editionibus
1213 891 1259 957 sic
1276 899 1394 958 exstat:

511 1015 551 1059 ue
572 1015 626 1060 nos
646 1001 694 1058 vet
712 999 757 1058 itti
779 999 966 1058 demoremur
980 999 1156 1074 prandium.

272 1097 349 1178 „Sic
375 1096 469 1179 luit,“
500 1102 535 1161 ut
561 1096 606 1161 ait
627 1095 776 1180 Vinctus,
809 1095 862 1174 ,in
889 1095 1064 1180 exemplari
1092 1095 1134 1172 (b.
1162 1117 1188 1162 e.
1212 1097 1395 1180 Vossiano),

271 1199 334 1265 nisi
358 1198 444 1282 quod
467 1198 628 1282 quispiam
650 1197 831 1282 pronomini
858 1205 901 1263 itti
926 1221 941 1263 r
962 1218 1060 1281 supra
1091 1197 1274 1282 addiderat,
1303 1200 1395 1281 quasi

271 1299 445 1386 legendum
477 1301 559 1366 soret
590 1307 675 1366 illis.“
730 1301 763 1366 Si
796 1319 872 1365 vero
904 1301 958 1365 illc
989 1301 1038 1366 uir
1068 1301 1183 1366 doctus
1214 1301 1395 1366 accuratius

272 1403 449 1469 litterarum
481 1403 595 1468 duetus
626 1403 709 1467 inter
739 1421 775 1467 se
806 1409 1038 1486 comparasset,
1068 1402 1155 1466 nullo
1187 1403 1318 1488 negotio
1349 1403 1394 1468 in·

273 1505 430 1588 venisset,
460 1526 476 1569 s
506 1505 645 1570 litteram
676 1503 718 1571 ab
754 1504 866 1570 eadem
899 1504 1002 1589 prima
1029 1525 1140 1589 manu,
1172 1525 1255 1589 quae
1289 1513 1396 1572 cetera

274 1607 383 1674 omnia
406 1607 546 1692 scripsit,
569 1607 714 1672 additam
737 1627 822 1692 esse,
844 1607 879 1671 id
902 1608 988 1691 quod
1011 1608 1201 1692 saepissime
1217 1608 1249 1672 in
1265 1607 1297 1674 V
1312 1609 1394 1674 libro

271 1711 391 1776 lactum
412 1709 600 1793 reperimus.
651 1717 717 1775 Illis
739 1709 929 1793 scripturam
952 1715 1058 1774 autem
1082 1711 1180 1775 multo
1204 1730 1277 1778 csse
1303 1731 1395 1795 prae-

271 1811 482 1896 stabiliorem,
505 1812 595 1878 solus
611 1811 799 1877 Souebaeus
820 1811 999 1878 rectissime
1015 1813 1131 1877 sensit:
1155 1820 1264 1898 „patet
1279 1813 1393 1897 enim,“

272 1913 388 1998 inquit,
412 1933 471 1992 ,ex
493 1913 556 1998 his,
579 1933 662 1996 quae
685 1913 768 1978 infra
789 1933 890 1996 puero
914 1914 992 1979 dicit
1011 1921 1110 1998 poeta
1132 1915 1238 1995 „meis
1253 1915 1324 1999 ipse
1340 1916 1394 1999 qui

272 2018 391 2102 sint,““
413 2016 488 2082 illos
508 2015 578 2098 jam
601 2023 734 2082 vocatos
756 2016 887 2082 tuisse.“

356 2120 392 2183 In
419 2117 529 2184 ultima
557 2117 781 2203 premeridis
808 2124 913 2204 parte,
946 2119 1039 2203 cujus
1071 2119 1180 2186 titulus
1212 2125 1242 2185 et
1268 2120 1392 2186 initium

207 2261 217 2272 ·
271 2229 364 2307 (quot
390 2241 505 2288 versus
537 2221 697 2304 deperditi
725 2221 789 2286 sint
815 2221 990 2297 nescimus)
1022 2241 1099 2286 casu
1130 2221 1270 2306 quodam
1299 2223 1393 2289 inter-

272 2323 361 2408 cidit,
390 2344 439 2390 vv.
471 2328 507 2386 15
537 2328 569 2386 ot
594 2326 631 2387 16
662 2321 744 2407 (Bip.
767 2343 796 2405 p.
820 2322 875 2404 60)
906 2323 1082 2389 seeundum
1107 2324 1265 2408 Scaligcri
1293 2333 1393 2391 muta-

269 2426 389 2492 tionem
412 2425 508 2507 vulgo
532 2424 580 2490 sic
602 2423 811 2508 praebentur:

797 2533 952 2608 probrosa
973 2537 1088 2596 recedit

427 2635 520 2709 ίιιιρα
544 2636 602 2695 tori
623 2641 652 2694 et
666 2637 798 2710 prosupr'
819 2638 999 2696 mimuucuut
1020 2638 1147 2697 crimina
1168 2640 1275 2714 somni,

269 2732 325 2798 ubi
356 2731 410 2796 ille
445 2737 626 2796 minuiscunt
657 2731 795 2796 restituit
827 2752 844 2796 e
875 2733 982 2799 verbis
1014 2733 1167 2799 Vossiani
1197 2757 1303 2800 maenus
1332 2735 1394 2816 puri

269 2841 409 2913 crimino,
441 2852 525 2917 quae
551 2854 609 2918 per
638 2854 673 2900 sc
696 2854 810 2899 sanam
833 2837 1025 2902 sententiam
1048 2857 1113 2902 non
1137 2836 1286 2902 efficiunt.
1327 2837 1393 2902 Sed

268 2944 377 3003 tamen
400 2935 580 3002 cavendum
604 2945 666 3022 est,
697 2957 738 3003 nc
768 2938 918 3002 fallamur
940 2938 1161 3024 Scaligerique
1184 2939 1393 3023 ingeniosiori

269 3059 366 3124 quam
394 3039 512 3105 veriori
541 3040 710 3105 mutationi
740 3041 838 3105 ullam
865 3040 961 3107 fidem
991 3041 1185 3108 babeamus:
1216 3050 1392 3110 minuissem

268 3141 354 3207 enim
385 3141 515 3206 omnino
547 3162 612 3206 non
641 3150 690 3208 est
719 3150 873 3226 quantum
904 3143 1003 3209 sciam
1034 3144 1226 3209 vocabulum
1249 3146 1392 3231 latinum,

268 3243 366 3308 immo
390 3243 509 3332 abillo
532 3243 604 3326 ipso
628 3243 813 3329 formatum,
845 3253 876 3310 et
905 3265 1023 3328 magno
1054 3265 1162 3311 errore
1188 3247 1308 3312 tactum
1336 3256 1392 3333 est,

268 3351 303 3411 ut
325 3345 469 3429 spurium
493 3345 555 3411 boe
577 3345 769 3411 vocabulum
793 3345 888 3411 ctiam
914 3346 1026 3413 lexicis
1053 3347 1256 3415 insereretur.
1308 3350 1392 3429 Quid
1454 3375 1456 3384 ’

268 3454 375 3514 antem
407 3468 488 3532 opus
525 3453 575 3514 est
609 3447 761 3514 remediis
796 3455 861 3514 tam
893 3448 1067 3533 ambiguis,
1105 3471 1177 3515 cum
1215 3452 1392 3536 simplicius

267 3557 383 3636 poetae
405 3551 507 3616 verba
536 3551 646 3616 sanari
676 3551 823 3635 possint?
876 3551 1059 3618 Lenissima
1089 3553 1174 3619 enim
1205 3555 1393 3621 traditacV

268 3652 341 3718 libri
364 3651 546 3736 scripturae
569 3653 744 3718 mutatione
767 3653 885 3736 optime
908 3653 955 3719 sic
978 3654 1087 3720 evadit
1109 3655 1282 3722 sententia:

798 3760 953 3835 probrosa
974 3764 1091 3823 recedit

424 3862 518 3937 Cupra
542 3862 599 3922 tori
621 3867 650 3921 ct
664 3863 795 3940 prosupi
816 3880 922 3922 munus
944 3880 1011 3924 cum
1034 3865 1158 3923 crimine
1178 3869 1280 3926 somni.

222 3997 238 4022 .
354 3961 434 4025 Sunt
464 3958 562 4023 ctiam
591 3958 625 4022 in
654 3965 856 4025 Paremtab'um
888 3959 1084 4026 carminibus
1098 3963 1292 4053 (complures
1320 3964 1392 4048 loci,

268 4061 321 4144 qui
351 4079 477 4126 summa
509 4081 580 4126 cum
607 4061 835 4146 probabilitate
864 4081 904 4127 ex
926 4061 1077 4127 Vossiani
1105 4061 1177 4129 libri
1200 4066 1391 4132 auctoritate

268 4164 485 4228 emendentur.
885 4239 887 4246 y
1102 4175 1108 4186 ·

472 4264 575 4348 111,a
596 4271 698 4330 dicere
719 4276 763 4330 set
783 4286 839 4330 ren
859 4274 896 4343 tit
917 4273 1019 4332 tertius
1041 4271 1188 4352 arborius,

268 4367 323 4433 Sic
338 4365 367 4430 V
381 4365 524 4452 praebet
569 4364 660 4444 Quae
675 4366 776 4434 verba
792 4374 953 4434 corrector
975 4367 1124 4437 editionis
1139 4370 1392 4455 Tornaesianae,
