3234 4932
766 298 979 360 ..Ἅμ-

310 497 395 558 stare
411 509 518 575 posse,
535 485 757 570 unusquisque
773 483 850 550 mihi
871 483 1038 568 concedet,
1061 487 1157 567 atque
1173 479 1435 566 adstipulandum

311 594 371 662 erit
393 594 455 674 cis,
478 591 532 674 qui
554 591 720 672 vulgatam
743 587 935 670 scripturam
959 593 1146 666 deprendere
1166 592 1365 669 receperunt.

397 694 463 760 Sed
479 694 551 776 jam
566 691 648 756 haec
664 689 827 756 sufficiant
850 689 1013 772 exempla:
1036 688 1117 754 satis
1141 688 1226 753 enim
1248 684 1324 751 inde
1348 685 1434 750 clare

311 817 470 884 apparere
488 794 565 860 mihi
581 793 721 874 videtur,
743 792 859 857 falsam
873 791 1043 874 judicandi
1059 790 1216 856 rationem
1233 809 1253 854 a
1269 787 1434 871 Scaligero

310 901 423 966 initam
438 918 525 977 esso,
549 917 621 961 cum
636 895 689 959 ille
705 892 857 960 Vossiani
873 893 1048 977 scripturas
1065 899 1177 975 aperte
1192 891 1326 958 vitiosas
1345 891 1434 974 justo

312 1003 460 1087 cupidius
483 998 656 1066 defendere
680 995 832 1062 studeret.
876 993 984 1060 Nihilo
1013 1003 1122 1061 tamen
1145 995 1245 1060 setius
1268 995 1435 1078 permultis

312 1125 396 1190 quae
420 1102 620 1188 aptissimam
642 1098 776 1165 Ausonii
799 1097 993 1164 emendandi
1017 1117 1131 1162 ansam
1147 1089 1328 1179 praebeant
1341 1096 1437 1162 vesti-

311 1208 373 1292 giis
406 1227 467 1272 nec
490 1203 629 1272 Vinetus
660 1223 721 1268 nco
750 1200 896 1282 Scaliger
927 1201 976 1266 usi
1008 1207 1090 1265 sunt.
1140 1199 1210 1264 Hoc
1238 1219 1300 1282 quo
1324 1198 1437 1264 melius

311 1311 516 1391 intellegatur
546 1311 577 1371 et
607 1304 744 1386 singulis
775 1301 947 1366 luculentis
977 1301 1133 1384 exemplis
1161 1321 1238 1367 vera
1261 1300 1289 1364 V
1316 1300 1438 1368 codicis

224 1455 226 1460 -
311 1411 439 1478 bonitas
462 1409 709 1488 demonstretur,
741 1423 826 1468 nuno
854 1423 872 1468 e
900 1403 994 1486 copia
1023 1401 1196 1468 admodum
1219 1423 1339 1488 magna
1362 1423 1439 1468 non-

313 1514 419 1578 nullos
451 1508 610 1594 quosdam
643 1508 745 1591 locos,
783 1506 837 1588 qui
869 1504 1008 1570 maxime
1044 1503 1077 1568 in
1108 1513 1257 1590 promptu
1289 1514 1374 1588 sunt,
1406 1507 1440 1572 in

312 1613 531 1680 testimonium
560 1609 736 1692 adhibebo,
768 1609 803 1672 in
832 1608 948 1692 quibus
978 1607 1020 1672 ad
1042 1598 1146 1674 ¹rerba
1168 1608 1305 1674 Ausonii
1334 1629 1440 1675 emen·
1507 1620 1508 1624 ’

313 1715 425 1782 danda
448 1715 476 1778 V
500 1713 603 1779 codex
626 1721 681 1776 aut
704 1711 896 1795 scripturam
920 1715 1031 1794 aperte
1053 1711 1365 1792 praestantissimam
1382 1711 1439 1776 im·

312 1818 425 1882 merito
449 1816 555 1882 adhuc
578 1815 759 1896 neglectam
789 1819 845 1876 aut
866 1811 1004 1895 vestigia
1033 1811 1200 1896 praebeat,
1230 1813 1317 1880 unde
1345 1812 1441 1878 facile

315 1919 443 1985 medela
466 1917 532 2001 peti
554 1915 665 2000 possit.

399 2021 447 2085 Ac
479 2019 617 2104 primum
650 2015 780 2099 quidem
812 2037 852 2083 ex
882 2022 1079 2096 Ephemeride
1110 2018 1265 2082 nonnulla
1293 2019 1443 2102 exempla

317 2124 460 2189 afferam.
505 2121 591 2187 Orat.
613 2141 641 2185 v.
668 2125 681 2183 l
711 2124 902 2199 Omnipotens
921 2128 983 2184 solo
1006 2126 1109 2184 meotis
1130 2125 1201 2184 milri
1222 2126 1339 2198 repaire
1355 2129 1443 2186 calta.

390 2225 460 2292 Sic
483 2225 511 2290 V
533 2223 666 2307 praebet
689 2242 760 2286 cunr
783 2221 845 2286 hoc
867 2221 975 2286 titulo:
999 2227 1114 2303 cratim
1142 2222 1175 2286 in
1198 2223 1313 2288 ceteris
1336 2230 1442 2290 autem

318 2327 409 2393 libris
433 2326 485 2391 hic
506 2345 621 2391 versus
645 2329 763 2388 exstat:

393 2434 600 2515 nomaipotena,
628 2447 712 2506 quem
741 2436 835 2491 mente
858 2433 936 2509 cole,
960 2437 1050 2505 poter
1070 2431 1158 2490 dolce
1179 2448 1292 2510 renem,
1319 2428 1372 2492 cui
1398 2428 1444 2493 in·

314 2533 467 2615 scriptum
490 2529 689 2594 invenimus:
708 2533 850 2608 precatio
873 2535 1019 2593 momltao
1042 2535 1085 2593 od
1105 2535 1329 2612 omnipotentem
1350 2537 1444 2596 deum.

313 2634 391 2699 Uter
406 2631 502 2715 igitur
518 2631 679 2714 genuinus
700 2629 840 2721 Ausonii
858 2629 911 2712 sit,
933 2629 1021 2694 haud
1041 2630 1170 2696 difficile
1192 2636 1241 2696 est
1256 2631 1444 2714 dijudicato.

317 2733 396 2799 Cum
420 2733 505 2798 enim
533 2734 571 2814 V,
595 2739 730 2816 excepta
755 2737 877 2819 tantum
899 2731 989 2796 initio
1014 2739 1177 2798 extremae
1200 2733 1300 2816 partis
1319 2734 1445 2818 lacuna,

317 2842 416 2902 totam
441 2855 524 2920 quae
549 2855 566 2900 e
593 2841 717 2918 septem
746 2835 894 2920 partibus
928 2820 1111 2900 constitisse
1140 2833 1268 2901 videtur
1289 2836 1446 2921 Epheme·

317 2940 434 3024 ridem,
458 2938 553 3004 ceteri
578 2945 686 3003 autem
708 2937 780 3002 libri
803 2958 861 3004 ms.
885 2937 965 3002 nihil
988 2937 1050 3002 nisi
1073 2937 1251 3002 orationem
1274 2938 1447 3004 exhibeant

320 3061 455 3125 cumque
477 3040 559 3106 haee
583 3040 738 3123 singulari
761 3041 853 3106 titulo
874 3040 1031 3106 instructa
1046 3039 1104 3104 sit:
1127 3039 1204 3104 inde
1220 3041 1319 3122 plane
1335 3041 1446 3123 elucet,

317 3144 351 3208 id
374 3143 462 3226 quod
479 3141 551 3224 jam
575 3142 710 3208 Vinetus
733 3148 819 3210 recte
843 3143 955 3224 sensit,
980 3140 1219 3225 „precationem
1240 3142 1329 3206 illam
1345 3149 1445 3208 matu·

318 3245 439 3319 tinam“
464 3264 536 3308 cum
559 3245 630 3308 sola
653 3251 805 3327 exstaret,
835 3265 875 3308 ox
897 3243 1005 3309 uredia
1027 3242 1240 3326 Ephemeride
1263 3251 1445 3328 excerptam

319 3366 400 3412 esse.
444 3345 556 3427 ltaque
585 3365 650 3409 non
679 3352 726 3410 est
756 3345 902 3422 dubium,
936 3345 1012 3428 quin
1043 3365 1083 3410 ea
1113 3347 1232 3430 quippo
1262 3367 1345 3430 quae
1375 3348 1445 3413 loco

318 3447 516 3532 precationis
549 3447 726 3513 communis
758 3447 944 3531 haberetur,
972 3448 1037 3512 alio
1068 3467 1170 3530 eoque
1202 3449 1306 3532 magis
1328 3449 1446 3514 usitato

319 3549 410 3614 initio
433 3549 656 3635 instrueretur,
686 3558 783 3634 atque
805 3571 863 3634 pro
887 3557 973 3616 certo
997 3549 1115 3633 habeo,
1142 3549 1268 3616 initium
1291 3551 1446 3617 orationis

290 3651 293 3656 ’
321 3652 382 3734 sic,
404 3652 493 3715 utin
516 3652 544 3715 V
566 3652 648 3717 libro
672 3661 731 3733 est,
755 3673 776 3717 a
798 3659 894 3735 poeta
910 3654 1063 3736 scriptum
1080 3671 1161 3716 esse.
1199 3652 1249 3716 Ex
1267 3653 1325 3716 illa
1340 3660 1446 3718 autern

322 3759 491 3836 excerptae
515 3754 671 3818 orationis
695 3755 884 3820 condicione
916 3755 1011 3818 ctiam
1042 3754 1105 3821 hoc
1128 3755 1285 3840 sequitur,
1315 3763 1349 3821 ut
1376 3756 1447 3821 reli-

323 3855 394 3939 quis
417 3854 514 3939 hujus
538 3855 689 3922 carminis
712 3855 792 3921 locis
815 3856 1027 3922 emendandis
1050 3857 1156 3922 minus
1183 3863 1303 3923 certum
1325 3858 1447 3942 praesi-

322 3957 410 4022 dium
433 3977 454 4022 a
477 3945 593 4024 ceteris
616 3957 707 4023 libris
731 3957 925 4041 sperandum
948 3957 990 4024 sit
1012 3978 1109 4042 quam
1132 3979 1152 4025 a
1175 3959 1202 4023 V
1224 3959 1316 4024 libro.
1327 3959 1366 4040 ¹⁵)

395 4215 426 4282 ¹⁵)
444 4217 499 4282 Sic,
518 4220 590 4269 utin
610 4226 754 4268 transcursu
774 4218 835 4266 hacc
855 4217 974 4279 afferam,
994 4226 1056 4267 orat.
1076 4234 1098 4266 v.
1112 4217 1152 4268 34.
1167 4217 1198 4267 35
1217 4235 1329 4268 noscero
1342 4227 1448 4282 neroum

325 4301 412 4365 Aetas,
437 4303 564 4366 veridicis,
590 4304 646 4354 olim
663 4301 798 4369 proedicto
817 4301 944 4367 prophetie
967 4304 1151 4353 emendandum
1173 4311 1249 4368 puto,
1274 4319 1333 4354 curn
1350 4303 1374 4353 V
1393 4303 1447 4353 olim

325 4404 372 4455 pro
393 4396 463 4438 nelos
481 4389 616 4452 praebeat,
641 4405 688 4440 nec
706 4390 859 4454 persuadere
876 4389 993 4452 equidem
1011 4388 1073 4437 mihi
1091 4389 1202 4452 possim,
1221 4389 1286 4438 illud
1305 4403 1320 4438 a
1337 4389 1447 4439 librariis
