3234 4932
644 309 851 370 ..19-

188 493 330 558 Primum
360 491 459 577 enim,
489 511 560 558 cum
584 499 671 558 Mors
697 491 889 575 saepissime
913 512 933 557 a
959 492 1064 577 poetis
1085 511 1145 576 per
1166 491 1310 558 denomi-

188 596 349 662 nationem
374 595 500 660 dicatur
521 615 579 680 pro
604 600 692 678 bello,
714 601 824 660 tamen
846 595 967 660 nullum
992 597 1097 662 eistat
1119 596 1309 679 exemplum,

189 697 241 762 ubi
264 718 381 764 nomen
403 697 484 762 illud
506 718 564 783 pro
588 696 837 762 contradictum
861 697 918 780 sit;
941 695 999 761 sed
1022 715 1064 760 ne
1079 695 1163 762 hano
1179 696 1309 780 quidem

191 805 314 880 ,castra
337 799 541 883 dependere*
572 798 766 864 locutionem
796 819 816 862 s
847 818 1010 881 quoquam
1040 798 1184 882 intellegi
1210 819 1335 884 possea

187 909 281 986 puto;
304 901 421 968 deinde
445 902 622 968 secundum
646 900 804 984 Scaligeri
826 900 1123 984 interpretationem
1145 922 1230 966 serres
1251 900 1308 966 ad-

182 1005 338 1087 jectivum
361 1005 492 1068 minime
520 1004 716 1087 explicatum
745 1018 907 1086 postremo
937 1003 1010 1068 alia.
1031 1003 1191 1088 exempla,
1221 1004 1310 1069 velut

187 1107 281 1192 edyll.
304 1107 373 1189 Xll,
398 1106 438 1170 de
461 1104 523 1170 diis
546 1127 574 1170 v.
592 1107 639 1188 ll,
661 1104 717 1170 ubi
736 1105 769 1168 in
785 1104 813 1166 V
821 1111 947 1184 peslerio
963 1112 1073 1188 aperte
1088 1125 1146 1189 pro
1155 1111 1309 1189 pemeria,

187 1209 259 1274 olar.
283 1209 352 1273 urb.
375 1209 422 1271 IX
445 1229 472 1272 r.
497 1212 515 1271 2
532 1219 627 1287 poter
648 1228 706 1291 pro
723 1218 864 1290 praeter,
888 1215 918 1272 et
941 1206 1066 1291 epistul.
1089 1207 1142 1291 lV,
1170 1213 1204 1272 41
1226 1229 1309 1288 poce

184 1332 243 1395 pro
259 1331 361 1393 parce
385 1309 537 1394 scriptum
560 1316 620 1394 est,
648 1309 782 1394 docent,
810 1329 895 1392 eum,
927 1310 982 1392 qui
1005 1311 1035 1375 V
1056 1309 1173 1374 librum
1196 1329 1307 1376 exara-

185 1412 280 1496 verit,
302 1411 468 1477 librarium
484 1399 516 1476 iu
533 1413 742 1495 exprimenda
763 1437 781 1477 r
799 1413 906 1477 littera
921 1411 1017 1494 paulo
1034 1411 1308 1495 neglegentiorem

186 1514 296 1580 luisse.
342 1513 544 1600 Quapropter
565 1515 663 1579 multo
686 1514 754 1580 veri
777 1533 849 1580 esse
873 1513 1007 1578 similior
1023 1513 1181 1579 sententia
1197 1533 1307 1578 eorum

185 1617 327 1700 ridetur,
351 1617 405 1700 qui
428 1617 610 1700 cogitarunt
633 1616 673 1681 de
694 1617 806 1680 fabula
821 1615 932 1681 Martis
956 1635 1028 1679 oum
1043 1616 1172 1681 Venere
1196 1615 1306 1700 depre

185 1719 290 1804 hensi,
320 1719 447 1802 qualem
470 1718 633 1784 Lucienus
656 1719 688 1783 11
711 1717 843 1790 Somnio
867 1737 925 1782 suo
949 1726 1067 1784 narrat.
1121 1716 1211 1794 Quae
1239 1719 1307 1802 qui-

184 1820 258 1886 dem
280 1821 440 1887 sententia
463 1822 565 1886 altera
595 1841 635 1885 ex
662 1827 753 1906 parte
781 1841 818 1886 eo
848 1821 1066 1904 confirmatur,
1097 1820 1307 1904 111111111-

183 1923 270 2006 nius,
306 1943 379 1988 cum
413 1923 561 2008 griphum
593 1923 758 2006 scriberet,
795 1923 836 1987 de
866 1922 1026 1987 industria
1056 1923 1144 1988 illius
1175 1922 1305 1988 labulae

183 2025 432 2108 descriptionem
464 2045 547 2108 quae
576 2025 682 2090 minus
713 2032 790 2089 nota
821 2032 890 2088 erat
921 2025 1052 2102 (nullam
1086 2025 1169 2090 enim
1201 2044 1307 2108 neque

183 2128 342 2191 Homerus
367 2125 483 2211 Odyss.
500 2132 528 2210 8,
552 2131 719 2192 noo—320
736 2146 840 2209 neque
857 2125 990 2191 Ovidius
1006 2126 1132 2190 Metam.
1153 2133 1181 2210 4,
1203 2131 1303 2192 170-

186 2233 245 2295 189
276 2229 355 2312 galli
384 2229 555 2312 gallinacei
588 2229 735 2304 satellitis
767 2229 960 2293 mentionem
993 2227 1127 2306 faciunt)
1166 2229 1305 2312 elegisse

181 2330 321 2414 ridetur,
344 2339 378 2396 ut
394 2331 623 2416 Symmachum
647 2333 775 2416 quinam
800 2332 931 2398 satelles
953 2331 1008 2396 ille
1028 2331 1140 2396 Martis
1163 2337 1250 2412 esset
1272 2330 1306 2396 in

182 2432 280 2498 dubio
304 2433 514 2518 relinquerem
537 2435 640 2498 altera
664 2454 703 2500 ex
725 2443 816 2519 parte
833 2435 1037 2499 confirmatur
1054 2453 1106 2516 eo,
1129 2433 1214 2516 quod
1232 2433 1305 2498 aliis

182 2554 309 2618 quoquc
329 2535 410 2600 locis
432 2543 527 2620 poeta
543 2543 730 2616 deprendere
744 2555 857 2600 vocem
874 2535 988 2600 cadem
1004 2534 1134 2602 notione
1150 2533 1306 2618 adhibuit,

180 2637 269 2702 velut
291 2637 386 2722 edyll.
410 2637 673 2722 11Ι1.841185,
696 2637 748 2703 ubi
774 2637 892 2720 diserte
915 2637 955 2703 dc
970 2638 1073 2704 Marte
1091 2657 1162 2702 cum
1175 2635 1304 2710 ¹Veners

181 2739 382 2822 deprehenso
406 2740 485 2806 dicit
507 2741 615 2825 „quod
638 2741 767 2807 vincula
797 2761 896 2806 caeca
918 2741 1021 2808 mariti
1045 2741 1215 2824 Deprenso
1238 2743 1303 2809 Ma-

180 2849 270 2906 vorte
292 2842 381 2906 tulit“
407 2849 439 2908 et
461 2842 560 2926 epigr.
583 2842 641 2908 XO
663 2864 691 2908 v.
716 2849 734 2906 4
759 2844 890 2925 ,quanti
921 2842 1073 2928 deprensi
1103 2843 1222 2908 damna
1248 2865 1303 2927 pu-

181 2943 269 3008 doris
293 2949 428 3008 ement“
471 2945 543 3010 Huc
559 2945 679 3010 addam
695 2945 792 3011 etiam
809 2945 904 3028 edyll.
922 2945 995 3029 XII,
1017 2947 1033 3009 I
1055 2951 1117 3010 v.7
1145 2943 1228 3029 „Sol²
1252 2947 1303 3012 oui

103 3081 105 3088 ,
179 3065 240 3110 nec
255 3045 337 3111 furto
353 3045 387 3110 iu
401 3047 539 3112 Veneris
561 3047 639 3112 latet
661 3047 858 3130 armipotens
874 3048 996 3129 Mars“;
1019 3047 1119 3130 eclog.
1143 3047 1184 3113 de
1204 3068 1304 3115 mens.

181 3147 262 3233 (Bip.
291 3169 321 3232 p.
344 3152 417 3226 229)
441 3171 469 3215 v.
492 3155 510 3216 8
533 3156 604 3225 „est
626 3149 720 3213 Marti
742 3169 882 3233 namque
905 3148 1086 3231 Aphrodita
1110 3154 1253 3235 comcs“‚
1285 3171 1303 3218 e

180 3251 295 3332 quibus
317 3251 398 3316 locis
421 3251 601 3317 Ausonium
623 3251 813 3336 plerumque
834 3251 967 3318 Martem
991 3253 1053 3317 sibi
1075 3251 1207 3319 finxisse
1231 3274 1303 3320 cum

181 3351 305 3419 Venere
328 3354 534 3436 conjunctum
557 3363 699 3438 apparet.

264 3456 333 3522 Neo
355 3455 461 3522 miuus
484 3456 661 3523 refellenda
684 3463 732 3522 est
748 3457 905 3539 Scaligeri
929 3457 970 3522 dc
986 3458 1087 3522 altero
1103 3459 1174 3523 1111
1196 3459 1302 3543 (epist.

178 3559 223 3624 IV
247 3579 274 3622 v·
298 3561 351 3636 68)
375 3559 542 3624 sententia
587 3559 622 3623 Si
645 3557 729 3622 enim
754 3558 780 3621 V
800 3558 873 3622 libri
897 3558 1086 3643 scripturam
1107 3581 1183 3639 pnes
1205 3573 1303 3627 tamen

179 3666 328 3740 explicitis
349 3680 481 3740 nequeas
508 3666 677 3739 dependere
705 3665 818 3724 chortis
843 3660 1072 3743 interpretatur
1099 3661 1150 3727 his
1180 3664 1301 3728 verbis:

182 3761 404 3843 „quantumvis
428 3761 592 3828 examines
615 3783 651 3828 ac
674 3762 852 3847 dependas,
884 3769 1081 3829 nontamen
1103 3765 1225 3847 poteris
1249 3785 1301 3829 ex-

178 3863 330 3946 plicare,“
358 3865 405 3930 sic
427 3870 526 3930 totam
550 3865 742 3932 sententiam
765 3872 950 3950 pervertens
973 3868 1007 3931 in
1031 3873 1200 3946 dependere
1221 3887 1302 3932 voce

179 3963 341 4029 notionem
362 3968 431 4031 vult
452 3967 572 4052 inesse,
595 3987 678 4050 quae
694 3968 727 4032 in
743 3988 783 4034 ea
799 3967 929 4034 minime
947 3968 1056 4033 inesse
1070 3953 1188 4050 potest,
1212 3967 1301 4034 diffc-

177 4065 282 4130 rentia
305 4067 389 4132 enim
411 4069 499 4132 haud
522 4088 623 4151 parva
646 4075 763 4153 exstat,
785 4078 819 4135 ut
841 4069 1008 4135 vocabulis
1026 4069 1127 4134 nostri
1143 4070 1301 4138 sermonis

177 4173 262 4250 utar,
285 4166 368 4233 inter
389 4176 581 4252 „erwa’gen“
605 4176 637 4234 et
659 4171 877 4254 „begreiten“.
922 4170 1002 4236 Cum
1016 4171 1116 4256 igitur
1131 4178 1301 4250 dependere

177 4269 385 4354 intellegendi
417 4271 578 4337 notionem
610 4292 674 4338 non
707 4273 838 4356 habeat,
875 4270 1046 4358 peculiaris
1083 4278 1191 4337 autem
1229 4273 1301 4357 ejus

176 4372 265 4440 notio
296 4372 360 4440 huc
389 4393 523 4458 prorsus
554 4395 618 4441 nou
650 4375 798 4460 quadret,
835 4373 991 4459 Scaligeri
1024 4373 1216 4441 seutentiam
1247 4376 1300 4442 vix
