3234 4932
663 284 876 346 ..27..

214 470 359 552 datione,
383 466 460 532 nilril
484 466 638 550 praebent
662 487 724 550 quo
749 466 958 532 offendamur.
994 465 1129 530 Duobus
1151 464 1204 547 qui
1227 485 1339 532 sccun-

212 581 265 636 tur
286 571 434 636 versibus
458 567 666 636 restituendis
681 569 817 652 primum
835 567 978 652 Scaliger
1001 587 1131 652 operam
1154 565 1340 668 noradini

179 676 181 680 ’
214 673 261 738 ita
286 672 429 756 quidem,
452 678 486 736 ut
508 693 535 736 v.
560 675 578 735 3
602 671 688 734 alin
710 677 925 752 stimularet,
945 669 1236 751 placidulaerpcls
1257 668 1338 740 litte-

212 796 280 840 ram
312 775 442 839 finalem
474 772 517 836 ad
549 772 727 856 proximam
758 792 871 838 vocem
905 771 1059 855 traheret,
1096 793 1127 836 r:
1157 777 1177 834 4
1208 771 1337 854 singula

212 877 311 942 verba
332 883 572 962 transponeret:

481 984 556 1057 cirris
578 985 621 1040 ati
637 973 799 1056 placidula
820 997 933 1056 supero
955 983 1055 1056 arpent

479 1089 548 1144 Ioco
568 1087 664 1166 tacite
687 1087 831 1162 celeripes
854 1085 947 1144 odeat
966 1083 1066 1144 Erebi.

211 1186 248 1250 In
280 1183 396 1268 quibus
429 1201 623 1264 quamquam
656 1181 795 1264 largior,‘
818 1187 862 1244 ati
891 1180 980 1246 vocis
1011 1179 1171 1264 syllabam
1202 1181 1337 1246 alteram
1429 1258 1431 1264 s

214 1287 345 1368 compi,
383 1283 475 1366 eujus
506 1283 716 1368 correptionis
751 1283 871 1346 nullum
903 1281 937 1346 in
969 1283 1106 1358 Ausonii
1141 1283 1337 1349 carudnibus

214 1387 370 1470 reperitur
402 1385 593 1469 exemplum,
624 1392 732 1449 tamen
764 1384 873 1467 miror,
907 1385 993 1466 quod
1016 1385 1173 1470 Scaliger,
1187 1397 1277 1452 <cum
1304 1386 1338 1449 in

213 1489 316 1554 tribus
340 1487 454 1553 ceteris
477 1487 623 1554 versibus
648 1494 754 1552 certae
778 1485 948 1569 eujusdam
971 1487 1123 1554 metricae
1145 1488 1227 1571 logis
1242 1488 1337 1553 ratio-

215 1611 289 1678 nem
317 1589 473 1674 habuerit,
504 1610 569 1654 non
601 1588 702 1654 sensit
732 1609 761 1652 v.
792 1593 809 1652 3
839 1607 936 1652 unam
967 1589 1139 1674 syllabam,
1170 1597 1205 1655 ut
1236 1597 1337 1656 metro

215 1693 361 1776 satisfiat,
391 1691 577 1756 desiderari.
623 1689 730 1768 Quare
754 1679 912 1756 Raehsius
943 1703 971 1754 er
999 1691 1209 1777 particulam,
1240 1713 1338 1776 quam

214 1795 242 1858 V
264 1796 344 1860 liber
366 1800 479 1877 quarto
502 1814 597 1860 versu
621 1793 763 1870 exhibet,
794 1793 888 1858 tertio
916 1794 1022 1860 versui
1050 1802 1190 1860 extremo
1217 1795 1338 1861 adden·

214 1897 290 1962 dum
312 1917 384 1964 esse
408 1903 538 1976 (rupero
559 1903 659 1975 ripert
680 1902 726 1970 et)
756 1903 874 1960 censet.
929 1896 992 1962 Sed
1022 1896 1083 1962 hoc
1114 1896 1186 1962 duri
1214 1897 1338 1981 aliquid

214 2000 335 2065 habere
350 2000 421 2084 ipsc
433 1999 502 2080 jam
520 1998 787 2080 concediturque
804 2018 863 2079 ego
880 1998 1009 2081 quidem
1025 1999 1241 2084 probaverim,
1265 2021 1337 2066 cum

214 2101 400 2184 praesertim
431 2099 500 2164 alia
528 2119 630 2184 eaque
653 2099 758 2164 minus
782 2099 863 2164 dura
886 2099 1014 2165 medela
1036 2120 1056 2164 a
1076 2101 1106 2164 *V
1130 2100 1241 2168 codiee
1265 2123 1337 2188 spe-

215 2203 319 2268 randa
345 2203 423 2268 milri
450 2202 609 2284 rideatur,
643 2201 669 2267 si
698 2203 775 2285 quis
797 2202 979 2268 accuratius
1008 2223 1091 2286 quae
1118 2204 1236 2272 tradita
1264 2211 1339 2270 sunt

215 2305 453 2373 examinaverit.
506 2303 643 2370 Omnino
673 2304 758 2368 enim
782 2305 887 2370 adhuc
910 2324 931 2368 a
954 2304 1030 2370 viris
1054 2305 1158 2372 doctIs
1183 2307 1337 2372 omissum

214 2416 275 2494 est,
306 2408 393 2491 quod
425 2429 451 2472 v,
480 2411 498 2472 3
526 2407 557 2472 V
584 2407 664 2470 liber
693 2419 814 2487 roperta
840 2407 989 2492 praebet:
1019 2407 1074 2472 ubi
1099 2409 1237 2474 tlittera
1259 2408 1337 2493 quid

213 2509 275 2574 hoc
301 2511 373 2576 loco
403 2509 465 2574 sibi
492 2508 569 2572 velit
591 2529 719 2592 quoque
741 2509 837 2574 modo
862 2507 1015 2593 explicari
1039 2511 1143 2594 possit
1165 2511 1337 2594 quaeritur.

213 2612 370 2696 Equidem
394 2632 458 2674 uon
480 2631 624 2696 possum,
647 2612 724 2694 quin
747 2633 784 2677 eo
806 2630 982 2695 pronomen
1005 2611 1051 2675 ibi
1073 2612 1186 2698 latere,
1215 2613 1336 2680 olitte·

213 2735 281 2779 ram
319 2714 447 2778 finalem
486 2719 741 2794 autemsaepero
777 2715 865 2780 vocis
908 2733 966 2799 per
1003 2714 1169 2780 elisionem
1207 2724 1338 2801 propter

213 2823 398 2900 sequentem
414 2829 417 2834 ·
436 2818 578 2882 vocalem
619 2835 826 2900 suppressam
864 2837 936 2882 esse
967 2824 1084 2900 putem.
1143 2818 1215 2882 Non
1251 2818 1337 2883 enim

213 2919 353 2983 alienum
385 2924 434 2983 est
460 2939 565 3002 neque
592 2919 633 2982 ab
662 2918 795 2982 aliorum
823 2925 992 3002 poetarum
1021 2919 1071 2983 vel
1097 2921 1337 3003 praestantissi-

214 3042 338 3086 morum
361 3040 465 3104 neque
489 3021 529 3085 ab
554 3020 686 3086 Ausonii
716 3020 960 3104 consuetudine,
988 3041 1166 3104 pronomen
1189 3021 1336 3087 determi-

214 3125 358 3190 nativum
380 3143 438 3208 pcr
461 3143 496 3190 se
520 3124 623 3189 solum
647 3123 890 3188 demonstraliri
913 3123 986 3187 loco
1009 3122 1171 3208 usurpari,
1194 3123 1227 3190 id
1250 3123 1336 3207 quod

214 3226 293 3291 haec
315 3227 464 3310 exempla
487 3225 618 3292 docent:
642 3225 741 3312 epigr.
766 3225 842 3311 clv,
866 3229 902 3310 63
930 3225 1112 3310 CXXVIII,
1134 3229 1171 3311 23
1196 3227 1338 3312 Saplent

214 3327 305 3392 'Ihal
326 3349 354 3392 v.
376 3319 417 3393 Ι16
442 3329 522 3412 (Bip.
545 3349 574 3412 p.
601 3332 682 3406 144).
1165 3398 1170 3406 ,

298 3429 404 3496 Unum
420 3437 528 3496 tamen
544 3431 726 3497 etiamnunc
742 3436 852 3515 restat,
875 3429 962 3514 quod
981 3429 1059 3495 mihi
1083 3430 1213 3514 quidem
1233 3431 1336 3516 suspi-

213 3532 334 3598 tionem
358 3533 521 3616 quandam
544 3541 687 3616 moveat3
710 3534 763 3596 vix
787 3533 871 3596 enim
887 3533 1085 3615 persuadere
1101 3534 1178 3599 milri
1193 3555 1335 3619 possum,

212 3635 389 3702 Ausonium
427 3633 468 3698 de
506 3635 612 3700 cinere
649 3634 682 3698 in
719 3641 805 3700 terra
837 3635 1015 3719 composito
1046 3643 1146 3715 repeat
1176 3635 1335 3702 dicturum

211 3738 327 3821 luisse3
358 3737 456 3802 immo
480 3755 556 3801 vero
571 3743 682 3816 joeeot
706 3755 779 3801 eum
802 3735 925 3803 dixisse
954 3739 1110 3822 suspicor.
1163 3739 1211 3802 Ad
1240 3759 1335 3821 quarn

214 3841 403 3907 sententiam
428 3837 682 3904 confirmandam
705 3839 902 3906 luculentum
925 3841 1106 3926 exemplum
1128 3839 1160 3904 in
1185 3847 1334 3925 promptu

214 3947 274 4025 cst,
305 3962 367 4024 quo
395 3963 514 4026 magna
548 3963 619 4007 curn
651 3941 878 4028 probabilitate
911 3948 1079 4026 appareat,
1111 3941 1205 4008 facile
1237 3949 1336 4022 repeat

213 4041 403 4126 scripturam
426 4065 444 4110 e
467 4052 567 4111 iaceat
588 4045 664 4110 oriri
686 4045 837 4130 potuisse.
881 4044 986 4129 Edyll.
1009 4045 1062 4130 1V,
1086 4049 1125 4110 39
1150 4043 1248 4130 enirn,
1279 4043 1334 4110 ubi

211 4145 246 4208 in
268 4144 463 4210 editionibus
478 4151 606 4225 surrent
625 4147 776 4231 legimus,
807 4145 834 4208 V
863 4153 894 4211 et
916 4145 1096 4212 Vossianus
1127 4147 1221 4232 altor,
1253 4167 1333 4231 quos

212 4247 326 4312 eodem
358 4267 398 4314 ex
426 4247 513 4314 fonte
543 4247 707 4315 derivatos
738 4269 810 4314 esse
840 4269 938 4334 supra
965 4247 1195 4336 demonstravi,
1224 4257 1333 4316 tamen

211 4347 361 4418 diversas
384 4349 443 4416 lras
466 4351 641 4435 scripturas
663 4351 835 4437 praebent:
865 4351 946 4418 alter
968 4358 1091 4438 luxerit,
1113 4353 1195 4419 alter
1216 4360 1333 4420 vicerat
