3234 4932
692 323 883 384 -5..

200 573 202 578 .
227 508 340 574 saltem
363 508 406 572 ad
428 507 498 590 ejus
514 507 710 572 voluntatem
735 506 972 590 concinnatam,
995 506 1029 571 id
1045 507 1129 590 quod
1148 505 1350 592 potissimum

226 609 302 674 inde
326 610 492 693 conclusit,
516 609 602 692 quod
626 610 766 674 earmina
782 609 941 692 quaedam
958 629 1023 674 non
1038 609 1227 675 Ausoniana
1243 617 1345 674 certas

229 712 270 776 ob
301 733 419 778 causus
449 711 524 778 huie
555 711 736 776 collectioni
765 711 888 776 inserta
915 711 1034 776 diserte
1056 732 1077 776 a
1099 717 1197 796 poeta
1226 710 1351 795 abjudi-

229 821 342 880 cantur
365 814 425 897 eis,
457 813 627 897 quasillis
651 813 804 897 inscripta
827 821 912 896 sunt,
942 813 1065 898 verbis,
1094 833 1156 878 nec
1184 813 1291 880 minus
1313 833 1352 879 eo

228 915 419 981 adducimur
451 916 615 998 seripturis
646 915 742 998 hujus
772 915 844 980 libri
879 937 950 980 cum
979 922 1156 981 ceterorum
1185 915 1351 998 seripturis

231 1019 434 1102 comparatis.
478 1019 552 1084 Jam
575 1039 651 1083 vero
675 1038 740 1082 uon
763 1019 840 1084 satis
863 1018 990 1088 laudari
1013 1017 1131 1101 poterit
1146 1038 1185 1084 ea
1200 1017 1353 1084 Vossiani

228 1123 346 1206 virtus,
375 1120 462 1204 quod
488 1140 620 1204 prorsus
649 1126 737 1185 caret
758 1120 1072 1206 interpolationibus,
1104 1141 1187 1203 quae
1218 1121 1252 1186 in
1279 1119 1352 1184 aliis

230 1223 396 1288 codicibus
420 1222 623 1288 excutiendis
639 1243 796 1287 summam
815 1223 934 1288 criticis
951 1223 1171 1288 difficultatem
1191 1221 1353 1287 lacessere

229 1327 346 1410 solent,
373 1336 404 1390 et
426 1326 468 1414 ab
492 1346 557 1390 una
579 1331 702 1390 tantum
726 1345 823 1414 manu
850 1325 947 1409 plane
975 1325 1093 1408 ubique
1123 1323 1353 1406 distinguenda

231 1435 382 1493 exaratus
412 1435 470 1492 est.
520 1427 571 1492 Ex
598 1447 662 1510 qua
684 1427 800 1492 virtute
822 1427 865 1492 id·
881 1428 1059 1494 certissime
1084 1427 1233 1492 concludi
1256 1445 1353 1510 posse

230 1529 307 1594 mihi
329 1529 466 1614 videtur,
489 1537 524 1594 ut
545 1529 677 1595 remotis
700 1531 807 1596 multis
830 1531 990 1594 aerariis
1013 1529 1124 1612 qualia
1150 1529 1353 1594 librariorum

229 1632 280 1698 vel
302 1632 428 1697 incuria
450 1633 501 1698 vel
523 1632 653 1698 inscitia
676 1633 819 1696 oriantur
841 1631 926 1698 vitiis
942 1633 1084 1715 genuina
1100 1631 1237 1697 Ausonii
1252 1631 1354 1697 verba

231 1734 263 1798 in
286 1734 313 1798 V
335 1735 557 1818 praebeantur.
603 1734 673 1799 Hoc
696 1740 803 1799 autem
824 1755 877 1825 me
900 1735 1065 1817 admonet,
1089 1742 1123 1798 ut
1145 1743 1233 1800 certa
1257 1753 1353 1816 quae-

231 1837 307 1901 dam
333 1837 425 1920 vitia,
456 1857 540 1920 quac
571 1837 686 1902 iterata
712 1839 746 1902 in
774 1837 889 1902 iisdem
917 1838 969 1902 vel
996 1837 1155 1903 similibus
1185 1835 1354 1902 vocabulis

230 1939 443 2021 reperiuntur,
466 1959 625 2003 unacum
648 1940 775 2005 usitatis
799 1939 999 2022 corripendiis
1023 1939 1170 2014 afferam,
1196 1945 1264 2002 tum
1288 1957 1354 2002 cer·

230 2041 388 2106 rectiones
413 2040 534 2106 codicis
557 2062 622 2105 uno
645 2041 743 2106 verbo
767 2041 931 2124 attingam.

317 2145 450 2207 Praeter
472 2142 643 2206 notissima
666 2143 865 2208 confusionis
895 2143 1042 2226 exenipla
1064 2144 1152 2209 velut
1174 2143 1257 2208 inter
1279 2164 1295 2206 e
1318 2163 1355 2206 oe

232 2268 277 2328 oe,
300 2251 317 2310 b
342 2252 373 2310 et
394 2267 423 2328 e,
446 2267 465 2322 q
489 2251 520 2308 et
542 2267 570 2328 c,
600 2267 616 2310 c
639 2251 671 2309 et
691 2267 725 2328 p,
751 2269 772 2326 a
794 2253 826 2311 et
839 2252 861 2324 j
880 2245 1016 2330 litteras,
1042 2252 1062 2310 h
1084 2245 1252 2329 aspiratae
1270 2244 1356 2308 falso

231 2349 302 2412 loeo
335 2347 503 2431 appositae
535 2349 585 2412 uel
618 2348 757 2413 omissae
789 2350 892 2424 (velut
922 2355 982 2414 luce
1007 2369 1065 2431 pro
1095 2370 1144 2432 cc,
1174 2353 1266 2412 chere
1295 2366 1354 2429 pro

233 2449 357 2532 habere)
391 2449 488 2514 etiarn
519 2449 600 2512 haee
631 2449 849 2533 reperiuntur:
886 2451 1139 2533 longobardicae
1176 2449 1355 2533 scripturae

234 2572 298 2633 qua
321 2553 517 2616 Vexaratus
534 2559 583 2616 est
599 2551 748 2616 ductibus
771 2575 803 2634 c,
825 2576 858 2636 a,
881 2575 913 2632 a,
937 2560 979 2637 ii,
1001 2573 1097 2636 porro
1120 2575 1160 2632 m,
1183 2558 1227 2630 ia,
1247 2559 1292 2628 ai,
1314 2557 1354 2632 ui,

231 2662 297 2718 tarn
320 2653 383 2718 sibi
406 2653 524 2718 similia
547 2655 740 2737 scribuntur,
763 2664 798 2720 ut
819 2655 874 2722 vix
888 2655 954 2720 ulla
969 2654 1037 2720 fieri
1052 2654 1156 2739 possit
1176 2653 1355 2736 distinetio;

234 2755 296 2820 huc
319 2756 462 2838 accedit,
491 2757 578 2840 quod
607 2779 635 2820 m
658 2763 730 2821 eta
758 2758 819 2824 hac
846 2759 965 2822 lineola
988 2777 1086 2842 supra
1108 2753 1355 2840 praecedentem

232 2859 378 2922 vocalem
401 2859 519 2942 scripta
542 2899 581 2906 -
604 2860 657 2924 vel
678 2870 720 2906 -·-
744 2867 908 2945 notantur,
940 2860 1028 2944 quod
1056 2858 1144 2923 haud
1167 2878 1240 2922 raro
1264 2877 1322 2939 pro
1345 2863 1356 2919 i

233 2961 414 3043 majuscula
437 2959 484 3044 (l)
508 2959 691 3046 adhibetur,
721 2961 806 3026 unde
829 2969 840 3025 i
862 2970 894 3026 et
916 2962 1028 3026 linter
1051 2980 1087 3026 se
1110 2958 1356 3041 contunduntur,

233 3064 319 3127 velut
346 3063 502 3146 l’=luS,
534 3063 691 3142 l'=ius,
723 3064 897 3148 b’=bus,
927 3064 1057 3146 .b=li,
1088 3062 1174 3144 quod
1200 3070 1232 3126 la
1259 3069 1290 3128 et
1318 3083 1356 3126 ea

233 3165 363 3248 saepius
387 3186 444 3247 pro
467 3187 495 3228 ra
518 3164 656 3248 (lnatris,
680 3166 821 3248 opiona),
845 3189 877 3230 es
891 3187 949 3248 pro
970 3189 1005 3248 x,
1027 3165 1215 3249 plerumque
1231 3185 1248 3228 e
1263 3169 1355 3248 prob

237 3267 337 3344 (mici)
360 3267 501 3348 scriptae
525 3273 606 3330 sunt.
650 3267 778 3334 Deinde
801 3268 948 3352 syllabae
970 3267 1097 3350 finales,
1121 3274 1155 3332 ut
1177 3272 1258 3346 buta,
1281 3288 1356 3343 rum,

235 3363 296 3450 tas,
325 3380 389 3445 tar,
420 3377 530 3433 eontra
557 3369 861 3452 longobardicorum
885 3370 1107 3435 characterum
1130 3375 1278 3432 naturam
1300 3368 1356 3432 ad·

234 3472 364 3538 modum
382 3470 491 3556 pravis
508 3471 708 3554 compendiis
732 3491 904 3556 expressae
928 3471 1076 3536 difficiles
1100 3478 1173 3536 sunt
1196 3471 1356 3536 distinctu.

233 3575 325 3640 Haec
347 3572 475 3655 quidem
499 3572 653 3638 hactenus
677 3572 717 3636 de
741 3574 853 3638 litteris
871 3593 911 3638 ao
926 3573 1069 3657 syllabis.
1107 3574 1146 3638 In
1160 3573 1241 3658 ipsis
1263 3593 1356 3640 voea-

234 3676 317 3740 bulis
349 3674 528 3740 scribendis
564 3675 697 3739 librario
728 3674 762 3740 id
789 3675 991 3760 potissimum
1020 3675 1097 3742 vitio
1128 3675 1271 3742 dandum
1299 3682 1357 3758 est,

235 3778 321 3861 quod
344 3776 440 3842 modo
463 3777 586 3844 litteras
610 3779 704 3843 unius
726 3779 877 3860 vocabuli
900 3779 1111 3844 cohaerentes
1137 3779 1170 3842 in
1198 3778 1262 3843 duo
1288 3779 1357 3862 plu·

235 3899 311 3946 rave
333 3880 433 3946 verba
455 3880 604 3946 distraxit
625 3880 722 3946 modo
747 3883 911 3967 complura
932 3880 1034 3946 verba
1055 3881 1089 3944 in
1108 3880 1237 3945 modum
1260 3880 1356 3946 unius

235 3981 387 4047 dictionis
410 3983 597 4066 complexus
621 3992 678 4048 est.
731 3984 884 4068 Suspicor
914 3990 1021 4048 autem
1045 3983 1140 4048 certis
1164 3981 1356 4065 quibusdam

235 4103 276 4148 ex
298 4084 455 4167 vestigiis,
481 4085 521 4150 dc
544 4084 695 4149 dictando
718 4087 807 4150 illum
829 4084 988 4151 interdum
1004 4084 1183 4169 scripsisse,
1206 4089 1241 4148 ut
1256 4084 1358 4149 multa

236 4207 331 4271 quem
355 4186 551 4251 admodum
580 4187 711 4253 auribus
742 4210 807 4252 non
835 4187 913 4254 satis
942 4194 1028 4252 reete
1058 4185 1269 4274 percepisset,
1302 4186 1358 4272 sic,

235 4309 295 4354 nec
317 4289 547 4374 grammaticae
578 4309 639 4356 nec
667 4291 713 4356 rei
742 4289 894 4356 metricae
921 4289 987 4354 ulla
1014 4289 1138 4355 ratione
1168 4289 1295 4375 habita,
1324 4289 1357 4355 in

235 4392 456 4457 membranam
480 4391 652 4457 scriberet:
676 4392 768 4477 eujus
791 4391 838 4456 rei
861 4392 1010 4474 exempla
1023 4393 1138 4459 afferre
1153 4393 1285 4475 longum
1301 4401 1357 4460 est.
