3234 4932
653 261 865 324 ..31-

194 454 379 539 probantur.
424 452 507 516 Nam
538 449 624 534 quod
654 448 776 533 dicunt,
814 468 879 514 non
912 445 1115 512 mediocriter
1141 445 1321 512 Ausonium

195 555 444 643 paronomasiae
474 553 578 636 figura
609 552 801 617 delectatum
830 571 915 634 esse,
947 549 980 613 in
1013 569 1052 614 eo
1084 550 1213 633 quidem
1243 549 1321 615 mihi

197 681 269 724 curn
300 658 364 723 illis
397 656 560 738 convenit3
591 655 678 739 quod
709 659 815 718 autem
847 652 1002 738 proximis
1030 653 1136 718 verbis
1165 659 1262 718 eonor
1290 657 1321 717 et

197 785 281 845 απω,
313 779 396 843 quae
426 759 570 824 consulto
599 758 660 823 sibi
689 764 905 842 opponuntur,
938 755 1100 840 commoti,
1131 754 1227 820 otiam
1259 753 1321 820 hoc

195 865 266 930 loco
297 875 450 945 απαναίω,
482 867 517 926 ut
546 870 672 927 oreatus
698 859 771 924 roci
799 858 981 944 oppositum
1013 857 1067 942 sit,
1099 856 1320 942 reponendum

196 988 268 1034 esse
300 973 453 1050 statuunt,
485 965 526 1029 ob
557 963 641 1028 hano
673 963 777 1046 ipsam
810 981 943 1026 oausam
978 960 1197 1046 recipiendum
1228 979 1320 1043 nego.

195 1070 339 1156 Apparet
361 1067 460 1151 enirn,
490 1066 524 1130 id
551 1065 693 1130 voluisse
719 1071 863 1148 poetam,
896 1072 942 1148 ut,
973 1072 1143 1148 postquam
1170 1070 1320 1147 nepotem

197 1175 332 1256 elarum,
364 1177 526 1253 ornatum,
557 1167 701 1232 inclitum
725 1165 817 1250 dixit,
849 1166 1020 1232 mitissima
1047 1166 1227 1232 adhortatio
1254 1166 1320 1230 lau·

196 1276 268 1340 dem
292 1279 459 1357 sequatur3
482 1273 624 1356 ineptum
649 1277 755 1335 autem
778 1269 903 1354 luisset,
927 1270 954 1335 si
972 1289 1051 1336 arus
1068 1269 1192 1336 medias
1208 1269 1320 1334 lauda-

195 1378 299 1442 tiones
324 1374 546 1440 adhortatione
570 1373 803 1458 interrupisset,
827 1393 931 1456 neque
952 1373 1130 1438 Ausonium
1153 1373 1201 1439 sic
1223 1372 1320 1457 scrip·

196 1485 301 1543 turum
333 1477 431 1544 luisse
463 1477 648 1562 putabimus
679 1475 928 1560 paronomasiae
958 1483 1081 1541 tantum
1113 1475 1321 1541 adhibendae

197 1582 309 1664 gratia.

281 1683 386 1749 Etiam
418 1682 480 1746 hae
506 1681 539 1746 in
567 1701 600 1747 re
627 1682 655 1746 V
680 1681 753 1746 libri
780 1682 979 1766 praestantia
1008 1683 1159 1766 optimam
1183 1701 1321 1766 eamque

196 1786 468 1871 simplicissimam
491 1783 685 1850 emendandi
708 1784 793 1848 viam
818 1785 964 1850 ostendit.
1010 1783 1071 1862 Qui
1093 1785 1243 1870 praebet:

407 1909 564 1968 possessor
585 1898 674 1952 παίω
690 1909 799 1967 posses
820 1893 966 1953 παπααίω
989 1893 1101 1954 bobert.

196 1999 354 2056 Ηαπααίω
380 1990 477 2073 igitur
503 1989 583 2053 nihil
610 1989 697 2053 aliud
727 1997 775 2056 est
802 2011 897 2074 quam
921 2003 1055 2071 oreatus,
1088 2011 1185 2074 quam
1208 2011 1320 2056 vocem

195 2093 346 2160 librarius
370 2092 510 2174 corrupit
533 2098 564 2156 et
586 2099 605 2157 a
627 2092 734 2158 littera
757 2091 905 2174 donavit3
938 2098 1061 2158 ceteras
1089 2102 1195 2158 autem
1224 2113 1321 2160 voees

198 2197 257 2280 sic,
281 2195 370 2260 utin
394 2193 505 2260 codice
528 2195 730 2278 exhibentur,
754 2201 786 2259 et
808 2195 944 2279 scriptas
968 2200 999 2259 et
1022 2194 1202 2280 distinctas,
1225 2197 1320 2261 relin-

197 2299 343 2383 quendas
371 2317 444 2364 esse
472 2318 588 2364 censeo
616 2298 764 2364 intactas.
809 2299 921 2382 Itaque
954 2299 1000 2364 sie
1031 2305 1108 2382 puto
1140 2299 1320 2364 Ausonium

197 2401 382 2486 scripsisse:

420 2524 578 2582 possessor
599 2514 686 2568 παίω
702 2526 809 2584 posses
831 2514 955 2569 orontes
976 2507 1092 2568 heberi.

198 2605 274 2690 Sed,
305 2626 346 2671 ne
378 2625 471 2690 quem
505 2606 605 2671 rerba
630 2629 786 2687 possessor
817 2617 906 2672 παίω
933 2611 966 2670 πί
994 2606 1035 2671 ab
1059 2605 1247 2672 Ausoniano
1275 2607 1319 2673 di-

198 2709 291 2774 cendi
314 2730 373 2774 usu
396 2710 504 2775 aliena
527 2711 702 2794 offendant,
733 2709 940 2775 conferantur
963 2708 1057 2795 edyll.
1081 2711 1123 2794 II,
1147 2715 1186 2775 47
1211 2723 1321 2778 metro-
1349 2703 1353 2709 ’

197 2821 266 2876 nole
289 2821 380 2877 decos
395 2821 533 2893 possedit
550 2821 629 2892 silio,
658 2819 689 2878 et
712 2812 810 2896 epigr.
835 2818 902 2895 141,
935 2819 946 2876 l
973 2835 1008 2877 re
1027 2820 1148 2893 fraere,
1179 2824 1213 2878 πί
1233 2826 1321 2880 παίω

197 2921 337 2979 mortalis.

283 3015 426 3082 Subinde
449 3039 477 3082 r.
505 3024 561 3084 100
585 3017 733 3101 ejusdem
756 3017 921 3102 carminis,
950 3017 1003 3083 ubi
1027 3015 1185 3084 editiones
1208 3039 1320 3084 omnes

195 3143 355 3202 speresque
386 3121 555 3206 praebent,
586 3121 619 3185 in
651 3121 678 3186 V
710 3119 822 3186 codice
854 3127 958 3186 exstat
987 3142 1119 3203 seperes,
1152 3120 1210 3186 sed
1240 3121 1271 3186 V
1300 3143 1320 3186 a

196 3223 300 3306 prima
331 3247 428 3289 manu
461 3224 720 3308 superscriptum.
773 3225 877 3308 Atque
907 3224 970 3289 hoc
1002 3225 1148 3306 exemplo
1180 3225 1320 3289 luculen-

196 3325 319 3392 tissime
343 3326 569 3411 comprobatur
586 3333 682 3392 ester-r
699 3325 784 3409 juris
809 3328 945 3392 consulti
966 3327 1103 3390 Romani
1126 3326 1320 3411 conjectura,

196 3429 251 3510 qui
274 3429 307 3493 in
330 3429 480 3512 Parergis
510 3430 561 3507 (cf.
589 3429 773 3494 thesaurum
797 3430 882 3512 juris
909 3430 1048 3512 romani,
1079 3429 1181 3513 Lugd.
1208 3430 1319 3494 Batav.

199 3535 296 3606 1725)
320 3551 389 3617 oap.
413 3536 452 3596 30
474 3553 620 3610 seperare
642 3532 703 3596 hoo
725 3533 797 3596 loeo
821 3532 1025 3596 scribendum
1049 3551 1121 3597 esse
1143 3533 1318 3618 proposuit,

196 3632 283 3719 quod
307 3632 444 3699 candem
466 3633 530 3696 rim
553 3631 685 3698 haberet
707 3639 804 3716 atque
827 3635 1035 3717 „consequi“.

279 3839 445 3905 Postremo
468 3858 507 3904 ex
530 3843 662 3917 epistolis
684 3837 864 3920 complures
890 3837 979 3904 locos
1006 3837 1153 3924 afferam,
1184 3859 1264 3923 quos
1287 3839 1317 3905 V

194 3939 266 4004 libri
290 3942 480 4008 auctoritate
503 3940 676 4008 emendare
698 3940 827 4006 tentavi.

278 4043 354 4108 darn
377 4044 503 4108 duobus
526 4044 649 4127 primae
672 4043 829 4127 epistulae
851 4042 931 4108 loeis
948 4042 988 4107 de
1003 4043 1144 4126 genuina
1160 4044 1318 4128 scriptura

193 4145 336 4211 nondum
364 4153 513 4211 constare
541 4143 618 4209 mihi
646 4146 778 4210 videtur.
822 4165 850 4210 v.
881 4149 917 4210 13
951 4144 979 4209 si
1011 4157 1100 4224 atque
1131 4157 1216 4210 ααίω
1246 4155 1318 4226 quta

193 4257 298 4314 eostre
319 4256 423 4314 eodem
444 4247 478 4311 in
506 4245 701 4313 editionibus
727 4246 877 4330 legimus,
910 4259 998 4326 atque
1027 4246 1186 4330 particula
1213 4269 1317 4332 neque

193 4370 233 4416 ex
255 4351 345 4420 libris
374 4371 431 4418 ms.
453 4355 607 4435 quantum
631 4347 730 4416 sciam
760 4349 877 4415 hausta
905 4368 1011 4433 neque
1037 4348 1111 4414 huic
1139 4350 1316 4416 sententiae

1132 4450 1164 4504 3*
