3234 4932
792 297 1003 361 ..20-

338 479 471 546 Plurimi
492 479 590 564 igitur
607 479 759 546 Gronovii
782 481 999 565 conjecturam
1023 486 1128 546 ealmlt
1147 499 1206 564 pro
1228 503 1289 546 ooo
1303 487 1365 545 ruit
1384 480 1458 546 scri-

338 580 444 647 bentis
474 589 509 648 ut
539 581 669 666 quidem
701 581 855 666 optimam
889 582 922 646 in
953 581 1111 648 editiones
1142 590 1340 667 receperunt.
1395 581 1459 648 Sed

337 701 442 767 neque
464 683 526 748 hac
548 701 654 768 nequo
676 683 744 748 Nic.
761 683 886 749 Heinsii
909 691 1033 750 emeruit
1053 685 1263 769 proponentis
1284 683 1460 750 mutatione

336 785 479 868 genuina
501 785 636 852 Ausonii
657 784 756 852 verba
779 786 925 851 restituta
952 807 1025 852 osse
1054 794 1147 872 puto:
1179 794 1347 870 utrumque
1374 784 1458 850 enim

337 888 528 952 vocabulum
561 889 604 953 ab
634 888 822 953 Ausoniano
860 909 1007 954 sermone
1044 909 1168 972 usuque
1205 888 1335 953 dicendi
1365 887 1460 951 nimis

234 1009 239 1018 ·
337 991 476 1056 alienum
505 1009 577 1056 esse
604 989 741 1073 videtur,
774 1011 846 1056 cum
874 991 1009 1056 alterum
1034 1009 1193 1073 nusquam
1216 990 1346 1055 omnino
1369 1009 1461 1054 usur·

338 1099 448 1178 potum
478 1093 670 1178 reperiatur,
701 1093 836 1158 alterum
864 1113 937 1158 eam
964 1094 1076 1159 saltem
1105 1112 1189 1177 quae
1218 1091 1270 1158 hic
1292 1092 1462 1176 requiritur

336 1196 475 1281 parandi
497 1194 660 1261 notionem
682 1195 716 1260 in
739 1195 810 1278 ejus
834 1195 1028 1260 carminibus
1052 1215 1116 1260 non
1143 1193 1268 1260 habeat.
1323 1192 1400 1277 Sed,
1427 1199 1462 1258 ut

337 1297 449 1383 adid,
480 1297 567 1362 unde
590 1297 762 1382 declinavi,
791 1305 931 1363 revertar
958 1305 989 1364 et
1010 1297 1043 1363 in
1066 1319 1126 1364 ooo
1149 1297 1340 1381 scripturam
1363 1295 1461 1380 expli·

337 1400 474 1466 caudam
498 1400 671 1484 inquiram,
693 1400 789 1464 etiam
812 1399 865 1465 hic
888 1399 1087 1465 redeundum
1108 1398 1185 1464 milri
1201 1405 1250 1464 est
1266 1398 1309 1464 ad
1325 1396 1462 1462 eandem

337 1521 432 1585 quam
462 1502 593 1585 saepius
617 1503 688 1586 jam
715 1503 801 1567 movi
828 1502 1051 1587 suspitionem,
1083 1501 1249 1566 librarium
1278 1499 1366 1564 haud
1388 1519 1461 1565 raro

337 1605 378 1669 de
401 1603 556 1670 dictando
580 1606 748 1691 scripsisse
771 1625 874 1690 euque
898 1605 939 1670 de
962 1623 1061 1670 causa
1084 1604 1214 1668 vocales
1235 1601 1365 1685 quidem
1380 1601 1461 1666 litte-

336 1729 390 1772 ras
420 1715 507 1772 recte
536 1708 669 1773 auribus
692 1708 889 1792 percepisse,
920 1727 984 1772 non
1013 1711 1238 1771 consonantes.
1291 1705 1405 1787 ltaque
1428 1704 1462 1767 in

336 1811 392 1875 illa
415 1810 573 1894 scriptura
597 1817 688 1875 coluit
708 1811 809 1876 latere
833 1815 929 1892 atquc
953 1817 1049 1874 antea
1071 1813 1130 1872 lde
1151 1823 1209 1891 pro
1225 1812 1284 1872 loc
1300 1805 1463 1872 exstitisse

336 1931 528 1996 persuasum
551 1911 628 1976 mihi
651 1919 715 1995 est;
738 1919 872 1977 virtutem
895 1919 992 1976 colere
1013 1917 1120 1975 autem
1143 1931 1208 1974 non
1230 1909 1461 1974 abhorrerent

336 2014 526 2079 Ausoniano
558 2013 688 2080 dicendi
719 2033 780 2080 usu
812 2014 892 2080 satis
924 2020 1059 2080 constat.
1121 2012 1289 2076 Postremo
1322 2011 1408 2093 quod
1442 2033 1463 2076 a

335 2117 473 2182 litteram
497 2115 625 2184 finalem
648 2116 837 2201 productam
860 2135 933 2184 esse
955 2117 1043 2201 volo,
1065 2137 1106 2183 ne
1128 2115 1190 2180 hoc
1213 2111 1343 2196 quidem
1363 2112 1462 2178 offen-

337 2245 397 2330 dit,
420 2266 492 2310 cum
515 2246 595 2312 haec
618 2247 745 2332 syllaba
767 2247 800 2310 in
823 2249 888 2312 arsi
917 2251 958 2316 sit
980 2231 1137 2332 (Dryadirl
1155 2249 1275 2335 coluit),
1298 2250 1391 2334 cujus
1415 2247 1462 2314 rei

337 2348 485 2433 exempla
508 2348 665 2413 Raehsius
689 2357 741 2414 sat
763 2351 862 2416 multa
885 2353 1001 2418 attulit.

421 2467 531 2534 Restat
562 2465 669 2534 adhuc
699 2469 732 2533 in
764 2459 986 2538 Parentalibus
1023 2473 1114 2538 locus
1150 2479 1280 2556 propter
1317 2472 1460 2536 rationes

336 2570 487 2635 metricas
511 2571 572 2636 arti
595 2572 726 2637 criticae
749 2573 946 2640 factitandae
968 2574 1189 2657 difficillimus,
1212 2574 1271 2640 sed
1292 2574 1332 2639 ob
1355 2574 1460 2657 ipsam

337 2670 420 2736 hanc
457 2692 587 2737 oausam
628 2673 755 2738 silentio
792 2695 857 2738 non
893 2675 1207 2759 praetermittendus.
1275 2675 1334 2740 Est
1364 2675 1462 2758 igitur

337 2793 465 2839 carmen
497 2773 637 2856 XXVII,
674 2774 760 2856 quod
795 2796 873 2860 non,
909 2784 944 2841 ut
975 2775 1102 2860 Vineto,
1134 2775 1314 2862 Scaligero,
1347 2777 1463 2860 Tollio,

336 2872 468 2942 Florido
491 2877 596 2941 risum
629 2884 689 2962 est,
719 2884 821 2944 totum
843 2899 861 2944 e
884 2879 1057 2965 pyrrichiis
1079 2880 1130 2944 vel
1153 2879 1460 2962 proceleusmaticis,

337 2979 424 3062 quod
447 2979 624 3045 carminum
655 3000 757 3064 genus
788 2981 924 3065 cogitari
952 2981 1081 3046 omnino
1105 3003 1170 3048 non
1192 2989 1310 3068 potest,
1342 2979 1400 3047 sed
1423 3001 1462 3047 ex

337 3089 486 3166 quattuor
509 3081 653 3148 dimetria
676 3083 905 3168 anapaesticis,
928 3085 960 3148 iu
985 3084 1100 3168 quibus
1124 3105 1215 3150 arses
1236 3084 1356 3149 ultimis
1372 3083 1462 3168 pedi-

336 3185 397 3249 bus
421 3184 563 3269 exceptis
588 3183 763 3251 dissolutae
785 3193 871 3269 sunt,
895 3195 1033 3271 constat,
1056 3194 1089 3251 ut
1109 3193 1195 3251 reete
1211 3185 1370 3252 Raehsius
1386 3205 1460 3270 pag.

336 3290 376 3351 32
408 3285 564 3372 exposuit.
608 3286 654 3350 Ac
683 3285 821 3368 primum
851 3288 992 3372 quidem,
1025 3287 1186 3372 quomodo
1217 3289 1245 3354 V
1275 3287 1357 3354 liber
1386 3288 1460 3352 illos

242 3477 246 3486 ι
335 3408 449 3454 versus
471 3385 642 3454 tradiderit
664 3387 830 3454 sciendum
855 3397 921 3455 est:

583 3528 611 3584 el
634 3524 726 3583 amito
748 3521 872 3584 berterio
888 3524 1065 3599 properiter
1087 3523 1160 3584 odiit

581 3629 631 3686 cui
652 3625 754 3686 drevic
776 3629 853 3686 mela
875 3629 1016 3700 modifica
1037 3629 1140 3688 recino
1193 3660 1195 3664 ·

582 3729 657 3788 cloia
677 3734 711 3810 ul
725 3730 901 3804 placidulus
923 3737 1029 3806 operto
1053 3731 1153 3804 vipecl

582 3831 725 3904 celeripes
748 3836 777 3888 ct
798 3832 890 3890 odeat
911 3833 979 3890 loco
1003 3834 1096 3891 tacito
1118 3831 1207 3892 erebi.

336 3943 424 4024 Quos
446 3965 559 4012 versus
581 3943 610 4011 si
632 3943 676 4008 ad
699 3943 783 4010 hanc
806 3945 970 4011 metricam
993 3964 1139 4010 normam

498 4095 1295 4184 evceloecelooeeleess

334 4253 550 4320 restituendos
561 4271 634 4316 csse
644 4259 804 4335 putamus,
820 4252 884 4318 duo
901 4252 1025 4336 priores
1041 4261 1174 4336 recepta
1189 4253 1312 4337 optima
1323 4253 1458 4317 Luciani

334 4355 491 4440 Muelleri,
522 4356 576 4438 qui
598 4363 691 4422 melec
718 4375 775 4438 pro
802 4363 879 4420 melo
906 4355 1111 4422 scribendum
1139 4356 1323 4439 proposuit,
1356 4374 1462 4422 emen-
