3234 4932
743 283 956 350 ..pg-

288 467 337 530 llx
361 487 423 550 quo
447 469 595 551 exemplo
620 467 740 554 optimo
760 468 835 551 jure
858 469 899 536 do
918 470 979 534 lroc
998 470 1069 534 loco
1094 469 1241 537 sanando
1264 471 1433 540 corroludi¹

288 579 385 653 posse
407 589 539 636 conseo:
562 591 639 655 ergo
663 591 734 636 cum
758 577 882 638 constet
904 579 935 638 r'u
952 573 1005 650 (ia)
1029 579 1060 638 et
1082 580 1114 638 ui
1130 574 1184 656 (vi,
1208 573 1253 652 ai)
1271 573 1414 658 syllabas

288 689 348 736 neo
370 671 476 738 minus
500 696 517 739 c
540 680 571 739 et
591 697 613 752 p
634 673 757 740 litteras
780 675 967 758 plerumque
990 676 1073 740 inter
1096 695 1131 742 se
1154 677 1307 741 confusas
1333 697 1415 761 esso,

287 773 340 838 vix
370 773 501 838 dubium
534 775 606 859 erit,
638 776 712 858 quin
744 776 804 843 hoo
835 776 920 860 loco,
951 777 985 841 in
1016 797 1111 860 quem
1143 785 1246 858 νέμεαι
1274 780 1413 863 minime,

279 883 390 955 jaceat
411 879 530 960 optime
553 877 700 961 quadrat,
732 879 865 944 alterum
894 879 954 944 hoc
982 879 1214 946 restituendum
1243 888 1274 947 et
1302 901 1413 947 versus

287 979 399 1044 tertius
423 979 469 1044 sic
492 979 682 1045 scribendus
705 980 760 1044 sit:

526 1089 603 1148 ciuis
623 1089 667 1146 utr'
682 1089 844 1162 placidula
866 1105 978 1162 rupero
1001 1105 1037 1149 ca
1051 1091 1173 1162 jaceat.

287 1183 319 1247 in
343 1183 458 1266 quibus
482 1183 588 1249 verbis
611 1183 695 1250 hanc
717 1184 781 1250 uim
810 1185 919 1250 inesse
948 1186 1036 1250 volo:
1071 1187 1210 1262 ,utinam
1239 1186 1321 1252 hacc
1348 1189 1414 1271 plu-

287 1285 358 1352 cidc
380 1307 499 1370 supera
521 1285 550 1351 h.
572 1307 598 1351 e.
622 1288 654 1351 in
677 1295 763 1352 terra
786 1287 866 1352 cinis
887 1295 1025 1370 jaceat.ib
1068 1289 1117 1353 De
1133 1289 1290 1355 industria
1306 1296 1414 1354 autern

287 1387 348 1452 hoc
370 1389 470 1474 addo,
498 1409 539 1454 ne
563 1390 635 1473 quis
658 1388 849 1472 adstipulari
872 1407 922 1453 me
946 1396 1036 1472 putet
1058 1389 1238 1473 scaligero,
1270 1392 1325 1474 qni
1340 1400 1413 1472 pla-

288 1497 389 1555 cidula
411 1499 442 1556 et
464 1513 575 1571 rupero
598 1490 640 1555 ad
666 1498 741 1557 ciuis
763 1492 860 1556 refert
882 1497 978 1574 atquo
995 1491 1078 1560 hanc
1093 1513 1204 1558 vocem
1220 1495 1267 1559 ait
1282 1495 1413 1578 saepius

287 1592 431 1658 seminini
447 1594 575 1678 generis
591 1613 664 1662 esse
686 1594 773 1678 apud
789 1593 963 1676 Catullum,
987 1595 1203 1678 Propertium,
1226 1596 1413 1681 Vergilium,

259 1741 261 1746 -
287 1697 377 1762 alios.
422 1695 516 1774 Quod
539 1696 669 1779 quidem
691 1697 805 1778 negari
828 1703 1036 1781 nonvpotest3
1059 1704 1169 1762 tamen
1185 1705 1323 1778 constat,
1348 1721 1413 1764 om-

289 1799 383 1864 nibus
407 1799 523 1881 quibus
545 1819 608 1863 rex
630 1781 686 1864 illa
711 1805 814 1863 exstet
837 1799 916 1864 locis
935 1799 1131 1864 Ausonianis
1155 1799 1290 1884 (parent.
1314 1803 1413 1886 prael.

287 1923 316 1967 v.
344 1907 397 1984 113
421 1900 457 1984 V,
483 1907 537 1986 113
559 1901 613 1984 IX,
637 1907 693 1985 303
723 1902 858 1986 profess.
882 1902 970 1986 VIII,
998 1906 1050 1984 183
1072 1903 1189 1985 XXVI,
1217 1910 1270 1988 113
1292 1905 1415 1987 XXIX,

287 2009 324 2089 23
347 2004 438 2088 epist.
460 2003 591 2084 XXIII,
615 2001 649 2088 4)
672 2005 800 2087 generis
825 2024 896 2070 cam
920 2024 993 2070 esse
1015 2005 1194 2069 masculini.

372 2107 446 2172 Jam
470 2106 511 2172 de
533 2105 644 2171 ultimo
668 2106 765 2188 hujus
793 2106 944 2172 carminis
972 2127 1067 2172 versu
1095 2127 1181 2172 nunc
1207 2109 1321 2172 saltem
1348 2129 1414 2173 non

288 2211 392 2274 ausim
416 2209 595 2291 dijudicare
619 2209 705 2274 etin
729 2209 885 2292 Scaligeri
906 2209 1096 2291 mutatione,
1119 2209 1265 2291 quamvis
1289 2230 1309 2274 a
1332 2209 1411 2276 Vos-

288 2312 371 2376 siani
404 2311 563 2396 scriptura
596 2331 635 2376 ea
665 2309 825 2388 discedat,
862 2310 1051 2394 subsistam,
1084 2331 1156 2375 cum
1187 2312 1316 2376 omnino
1347 2333 1414 2377 non

288 2421 413 2479 constet
442 2431 501 2481 neo
527 2413 622 2477 facile
651 2409 733 2477 effici
762 2413 867 2497 possit
889 2433 971 2496 quas
994 2411 1156 2478 Ausonius
1179 2413 1212 2477 in
1235 2413 1413 2480 scribendis

288 2515 338 2581 bis
363 2514 581 2600 anapaesticis
604 2515 749 2580 versibus
772 2515 914 2580 rationes
938 2515 1087 2580 metricas
1112 2523 1240 2581 secutus
1264 2516 1312 2582 sit.

372 2685 478 2750 Etiam
510 2706 527 2752 e
558 2691 653 2750 Oloris
689 2690 816 2750 Urbibus
847 2687 950 2750 locum
983 2687 1130 2769 afferam,
1165 2686 1218 2769 qui
1251 2687 1413 2752 medicina

289 2787 395 2852 adhuc
418 2794 497 2870 eget.
526 2787 630 2852 darm.
650 2787 728 2851 XIV
745 2785 950 2872 (Burdigala)
966 2807 1015 2852 vv.
1041 2791 1087 2852 10.
1114 2793 1145 2850 11
1167 2787 1200 2851 in
1217 2788 1412 2856 editionibus

290 2890 336 2956 sic
359 2895 502 2956 exstant:

381 2999 440 3058 Ver
462 3001 580 3074 rourum
603 2997 785 3074 brumaeque
807 2999 920 3068 breues,
935 2999 1017 3072 serpo
1036 3001 1172 3073 frondeo
1193 2999 1323 3060 rubsuut.

376 3102 502 3162 Ferucat
523 3117 689 3176 aequoreos
710 3103 827 3162 tmltoto
845 3103 960 3176 fluenta
982 3108 1102 3162 meone.
1165 3169 1167 3172 ¹

290 3196 380 3274 Quae
402 3198 502 3262 verba
523 3199 663 3263 manime
686 3197 853 3262 offendunt
875 3199 924 3263 hIs
947 3199 1149 3281 potissimum
1173 3198 1214 3264 de
1237 3199 1351 3267 causis.

374 3300 516 3364 Primum
532 3307 616 3379 jupo
635 3307 769 3379 frondea
791 3305 913 3364 subruat
933 3319 999 3364 non
1020 3299 1171 3364 videntur
1194 3301 1235 3364 ab
1258 3300 1330 3383 ipso
1350 3303 1413 3366 Au-

290 3401 382 3468 sonio
412 3391 570 3486 profecta,
607 3402 665 3468 sed
700 3400 954 3466 additamentum
985 3398 1057 3466 css'e
1083 3403 1205 3466 librarii
1237 3402 1413 3485 cujusdam.

290 3504 384 3582 Quod
407 3512 441 3568 ut
464 3504 605 3580 credam,
628 3525 666 3570 eo
690 3504 830 3570 maxime
853 3503 1010 3589 adducor,
1033 3503 1118 3586 quod
1141 3505 1244 3569 altera
1267 3511 1412 3588 exparte

289 3606 466 3689 Ausoniae,
490 3607 741 3690 quotiescunque
765 3607 805 3672 de
827 3606 953 3691 patriae
977 3627 1055 3671 suae
1077 3606 1247 3672 uirtutibus
1267 3607 1413 3690 loquitur,

290 3729 418 3791 semper
430 3714 512 3788 supa
535 3715 625 3793 vitea,
647 3729 806 3792 nusquam
828 3715 959 3794 brudeo
982 3717 1224 3792 commemorat,
1247 3710 1350 3774 altera
1372 3728 1412 3774 ex

289 3819 380 3896 parte
402 3811 464 3876 tria
485 3810 542 3874 illa
565 3811 663 3876 verba
686 3810 815 3876 minime
838 3808 900 3874 huc
924 3811 1085 3893 quadrant
1106 3831 1210 3893 neque
1234 3810 1411 3876 ullomodo

290 3933 360 3980 cum
384 3913 653 3996 praecedentibus
676 3912 1127 3994 cohaerent31nirorautem,
1150 3919 1300 3996 quantam
1317 3913 1411 3976 Vine-

288 4023 340 4080 tus
364 4023 514 4100 (eumque
536 4014 604 4080 iere
626 4034 739 4082 omnes
762 4015 863 4080 secuti
889 4011 976 4098 sunt)
1006 4018 1130 4078 rubrum
1156 4015 1331 4098 scripturae
1358 4014 1411 4079 de-

289 4115 473 4182 tendendae
496 4136 629 4202 operam
652 4115 788 4200 dederit,
799 4119 835 4193 16)
866 4136 997 4200 prorsus
1020 4135 1312 4201 supervacaneam:
1343 4115 1411 4182 sive

362 4287 390 4350 ¹⁰)
410 4289 533 4350 „Subrunt
545 4291 586 4340 hic
599 4307 646 4355 pro
665 4289 800 4355 superiora
819 4297 889 4352 sunt,
908 4289 1080 4354 supereminet
1098 4298 1165 4338 etse
1183 4290 1265 4352 magle
1284 4289 1410 4349 attollunt,

290 4377 401 4444 positum
420 4375 531 4440 videtum
550 4376 593 4425 sub
610 4389 721 4438 namque
738 4375 910 4440 praepositio,
928 4389 994 4438 quae
1010 4373 1115 4439 proprie
1132 4374 1213 4424 subter
1230 4381 1254 4424 et
1272 4373 1342 4439 infra
1359 4375 1410 4437 sig·
