3234 4932
695 305 905 366 ..10-

245 484 353 570 colligi
375 491 492 570 potest,
516 485 768 554 Vossianum·33
785 507 850 554 non
866 489 1013 572 alterum,
1037 487 1094 554 sed
1114 485 1242 554 tertium
1259 487 1368 574 appel-

242 589 445 654 latumesse
476 594 517 684 et.
536 596 705 675 utrumque
734 610 792 673 pro
823 610 859 656 se
887 590 1048 656 exstitisse
1077 591 1230 656 codicem.
1283 591 1368 656 Hinc

243 689 340 772 igitur
363 710 401 755 eo
425 689 628 774 adducimur,
651 691 774 756 otveri
797 692 994 758 simillimum
1017 712 1089 758 esse
1112 691 1295 776 credamus,
1318 713 1368 758 eo-

243 791 347 856 dicem
369 792 458 856 illum
477 792 547 874 jam
571 793 692 858 dudum
714 800 892 879 temporum
917 793 1035 875 injuria
1061 794 1262 879 deperditum
1287 814 1368 878 esse,

243 895 432 978 praesertim
457 915 528 958 cum
551 895 683 980 avinis,
708 896 763 980 qui
785 904 896 962 nostra
918 896 1073 962 memoria
1096 897 1137 962 de
1159 895 1367 962 bibliotheca-

243 1017 312 1059 rum
336 995 426 1060 libris
449 1017 547 1061 manu
570 997 698 1081 scriptis
721 999 930 1083 scripserunt,
961 999 1040 1063 nihil
1062 997 1206 1082 prolecto
1231 1019 1367 1064 comme·

244 1104 391 1163 moretur.
436 1097 528 1176 Quae
544 1099 676 1182 jactura
698 1101 829 1183 gravior
851 1108 900 1167 cst
922 1121 961 1166 nc
983 1101 1079 1166 valde
1107 1100 1264 1174 dolenda3
1292 1121 1366 1164 nam

243 1202 466 1267 auctoritatem
494 1200 564 1284 ejus
592 1222 748 1266 summam
776 1201 915 1267 futuram
942 1203 1042 1268 fuisse
1069 1201 1281 1268 emendandis
1303 1202 1367 1266 Au-

243 1304 327 1370 sonii
350 1303 490 1388 seriptis,
512 1303 546 1376 id
566 1303 636 1386 jam
660 1324 700 1370 ex
721 1310 880 1369 vetustate
904 1311 935 1370 et
957 1311 1027 1369 arta
1044 1325 1114 1369 cum
1130 1303 1158 1368 V
1175 1303 1367 1386 cognatione

243 1412 394 1492 apparet3
425 1426 486 1472 nec
516 1412 625 1470 tamen
648 1406 752 1472 minus
775 1407 861 1472 valet
888 1408 1022 1471 alterum
1050 1405 1143 1488 illud,
1175 1404 1262 1488 quod
1289 1425 1367 1470 non-

242 1508 340 1575 nullis
370 1508 451 1574 locis
484 1508 659 1592 scripturas
685 1509 875 1592 praebuisse
903 1509 1019 1575 dicitur
1045 1508 1116 1573 aV
1146 1507 1366 1592 discrepantes

243 1631 363 1696 easque
394 1617 429 1676 ut
457 1609 585 1676 videtur
616 1610 778 1696 meliores,
809 1611 892 1676 siout
924 1611 1023 1695 epigr.
1049 1611 1168 1692 XXVI,
1197 1615 1216 1676 6
1242 1617 1367 1690 privem

243 1714 366 1798 ephem.
390 1720 468 1778 crat.
490 1734 518 1778 v.
542 1717 582 1776 52
605 1720 705 1778 errori
726 1719 790 1793 pree
813 1719 974 1792 obnoxium
998 1713 1094 1798 edyll.
1109 1711 1168 1795 IV,
1191 1717 1230 1778 25
1254 1724 1283 1778 et
1304 1725 1366 1776 tru-

243 1823 361 1882 culento
379 1823 474 1896 ferox
492 1823 585 1896 serat.

786 2077 826 2140 11.

243 2191 358 2262 codex
372 2191 529 2260 Tilionus
539 2191 671 2276 ,quique
687 2208 761 2258 cunr
777 2208 817 2258 eo
833 2190 1016 2259 cohaerere
1031 2189 1190 2258 videntur
1205 2188 1287 2256 libri
1302 2208 1364 2256 ms.

330 2339 432 2398 Codex
449 2337 578 2396 Jooonts
602 2335 669 2394 Ttb'i
690 2335 930 2408 anoltsmcnsis,
953 2349 1025 2394 essm
1049 2327 1089 2393 de
1112 2348 1151 2393 eo
1174 2349 1239 2393 non
1261 2330 1365 2394 solum

242 2434 339 2500 hodie
361 2432 440 2498 nihil
463 2439 661 2518 compertum
684 2431 784 2517 siun)
812 2430 871 2497 sed
893 2451 935 2496 ne
958 2447 988 2505 'a
1001 2431 1117 2498 Vineto
1140 2430 1297 2517 quidem,
1310 2429 1365 2514 qui

242 2539 330 2603 solus
353 2543 507 2620 quantum
529 2534 655 2602 videtur
680 2535 771 2600 illum
797 2542 830 2599 in
859 2535 1008 2600 manibus
1030 2533 1143 2599 habuit
1165 2539 1197 2599 et
1217 2533 1366 2617 inspexit,

237 2639 360 2704 ‘certius
384 2637 560 2723 quidquam
583 2638 617 2702 iu
638 2643 686 2702 tot
712 2637 881 2703 uberrimis
911 2637 1149 2703 commentariis
1176 2635 1364 2720 proferatur,

241 2739 319 2804 mihi
346 2739 387 2804 de
418 2739 544 2805 ratione
581 2739 663 2806 inter
694 2739 779 2805 hune
810 2745 842 2805 et
872 2747 997 2806 ceteros
1027 2737 1128 2806 libros
1158 2737 1364 2804 Ausoniauos

240 2840 460 2908 intercedente
476 2841 630 2926 cogitanti
646 2862 798 2926 magnam
814 2843 890 2908 lecit
905 2839 1141 2926 difficultatem,
1165 2839 1223 2907 sed
1238 2847 1366 2922 tamem,

242 2945 317 3028 quia
348 2965 442 3011 nemo
473 2943 580 3010 adhuc
606 2945 690 3011 hano
713 2946 934 3029 quaestionem
965 2946 1077 3030 movit,
1109 2945 1365 3028 qualemcunque

241 3048 434 3113 sententiam
457 3067 563 3112 meam
584 3046 755 3132 proferam.
799 3049 935 3116 Vinctus
963 3047 1073 3132 igitur,
1105 3055 1139 3113 ut
1169 3066 1268 3130 supra
1291 3045 1363 3128 jam

241 3149 393 3233 diximus,
424 3150 452 3215 is
484 3157 546 3234 est,
578 3152 670 3234 cujus
698 3152 888 3218 auctoritate
918 3151 952 3216 in
979 3152 1041 3216 hac
1067 3170 1102 3215 re
1124 3149 1279 3214 nitamur:
1312 3147 1366 3230 qui

241 3251 369 3336 quidem
397 3253 447 3318 vir
472 3251 587 3317 doctus
615 3252 648 3317 in
677 3253 914 3319 commentariis
945 3251 1096 3318 editionis
1119 3271 1149 3316 a.
1175 3255 1255 3318 1604
1278 3248 1366 3314 haud

240 3374 313 3419 raro
337 3352 512 3438 scripturas
529 3353 650 3420 codicis
666 3354 796 3438 liliam,
821 3375 915 3438 quem
930 3353 962 3418 in
979 3353 1136 3430 „Ausonii
1151 3355 1237 3422 vita“
1261 3353 1366 3416 minus

240 3456 406 3540 antiquum
443 3457 617 3541 exemplari
654 3456 865 3541 Lugdunensi
898 3477 970 3524 esse
1002 3456 1095 3542 dicit,
1131 3478 1152 3522 a
1190 3462 1365 3524 ceterorum

239 3559 392 3626 librorum
415 3559 580 3644 scripturis
597 3559 819 3645 discrepantes
835 3561 938 3627 affert.
975 3559 1102 3644 Operae
1117 3560 1214 3644 igitur
1229 3559 1365 3643 pretium

240 3682 312 3728 esse
335 3661 412 3727 mihi
433 3661 614 3747 videbatur,
638 3684 749 3730 omnes
773 3684 828 3730 eas
852 3664 1027 3748 scripturas
1049 3663 1101 3728 hie
1116 3663 1183 3728 illic
1200 3661 1365 3746 dispersas

240 3764 272 3829 iu
295 3785 394 3830 unum
417 3763 569 3848 colligere
590 3767 643 3831 vel
664 3764 753 3849 ideo,
775 3773 810 3830 ut
832 3772 1095 3851 cognosceretur,
1118 3773 1195 3850 quot
1217 3781 1364 3846 quaeque

239 3867 427 3962 Ausoniana
447 3867 482 3932 in
504 3867 559 3934 illo
583 3867 695 3934 codiee
717 3867 878 3953 inessent3
910 3888 1015 3953 neque
1037 3889 1114 3934 vero
1143 3867 1261 3950 minus,
1294 3885 1365 3932 oum

242 3969 409 4052 cujusnam
432 3970 505 4036 libri
528 3969 694 4056 scripturis
719 3969 857 4037 maxime
874 3979 1095 4054 congruerent.
1133 3969 1227 4048 Quod
1246 3968 1365 4034 adhoc

242 4125 445 4141 W

313 4227 344 4290 ¹²)
370 4229 399 4282 Id
423 4239 521 4281 tantum
546 4229 675 4280 affirmare
698 4246 803 4296 possum
827 4246 858 4281 ex
882 4231 989 4295 epistula
1013 4248 1028 4280 a
1053 4231 1223 4280 bibliothecae
1246 4229 1365 4292 Engolis-

241 4316 332 4366 mensis
351 4323 529 4366 conservatore
548 4331 628 4382 nuper
646 4316 678 4367 ad
697 4331 737 4368 me
756 4317 829 4380 data,
845 4318 872 4366 in
890 4317 934 4367 illa
953 4317 1056 4381 quidem
1075 4317 1139 4366 urbe
1157 4315 1255 4366 nullum
1270 4313 1365 4364 codicis

241 4402 376 4466 vestigium
394 4402 509 4452 inveniri.
