3234 4932
627 295 843 359 ...25-

171 498 254 562 quae
276 497 304 542 v.
328 482 365 542 13
389 477 553 558 leguntur:
574 483 744 557 pressantis
766 485 877 542 dudum
896 485 1041 558 fortunae
1064 483 1123 542 telo
1138 485 1299 556 pauentem

171 581 333 657 commoti,
365 587 464 646 Fortis
486 617 525 624 -
550 587 627 644 dece
649 579 891 661 substituerunt,
921 599 960 644 ac
988 585 1052 644 tam
1082 585 1166 644 recte
1193 597 1299 644 emcn-

170 683 266 748 desse
288 682 350 748 sibi
373 681 433 746 visi
458 687 545 764 sunt,
568 689 603 746 ut
624 701 666 746 ue
690 701 807 765 operae
831 680 960 765 quidem
984 681 1120 764 pretium
1145 699 1218 746 asse
1242 679 1298 744 du-

171 791 291 868 cerent,
314 783 398 849 hauc
422 784 671 867 discrepantiam
695 803 955 848 commemorare.
993 784 1074 848 Puto
1096 787 1202 846 autom
1219 781 1298 848 dua·

169 888 230 954 bus
262 885 303 951 de
340 885 459 968 causis,
498 887 583 970 quod
620 885 667 950 illi
704 886 933 969 proposuerint
968 885 1022 948 vix
1060 891 1145 950 stare
1182 903 1298 966 posse:

168 991 305 1072 primum
338 988 421 1054 cuim
457 1008 616 1070 nusquam
647 987 680 1052 in
713 987 912 1052 Ausonianis
944 987 1154 1065 carminibus,
1194 1005 1236 1050 ne
1264 985 1298 1050 in
1394 1014 1399 1024 ·

170 1091 264 1175 cdyll.
287 1093 350 1156 Xll
375 1090 517 1173 quidem,
549 1089 604 1154 ubi
637 1087 771 1154 deuiis
805 1094 837 1154 et
867 1089 990 1154 deabus
1022 1096 1119 1174 poeta
1150 1087 1299 1173 loquitur,

169 1194 236 1258 ulla
259 1193 364 1257 Fortis
389 1191 472 1256 deuo
496 1191 614 1256 mentio
637 1190 685 1274 fit,
708 1198 788 1274 tum,
812 1191 839 1255 si
864 1186 1045 1274 scripturas
1061 1191 1144 1281 inter
1162 1210 1198 1256 sc
1214 1210 1297 1256 com·

169 1315 323 1378 paramus
347 1302 379 1358 et
401 1293 602 1378 quaerimus,
634 1299 705 1356 utra
731 1313 771 1358 ex
794 1293 956 1358 Vossiaua
986 1293 1113 1358 facilius
1145 1292 1220 1357 oriri
1242 1313 1298 1375 po·

169 1397 277 1479 tuerit,
309 1396 363 1460 vix
385 1395 454 1460 ficri
489 1396 633 1481 potuisse
670 1395 875 1462 manifestum
913 1402 975 1477 est,
1011 1403 1044 1460 ut
1075 1394 1225 1460 librarius
1257 1394 1298 1460 dc

170 1496 324 1562 dictando
348 1496 491 1562 scribens
516 1505 590 1562 dece
613 1497 744 1562 auribus
769 1497 931 1581 exciperet
954 1505 1033 1562 duce
1056 1497 1229 1570 scriberet

256 1597 379 1676 Quodsi
411 1619 493 1680 quae
525 1619 598 1662 mea
634 1607 684 1664 est
715 1598 754 1664 de
787 1599 814 1662 V
849 1599 921 1666 libri
959 1588 1149 1664 auctoritate
1187 1599 1297 1683 opinio

169 1701 308 1782 alicujus
333 1701 484 1766 momenti
508 1721 582 1768 csse
605 1701 743 1786 videtur,
774 1708 858 1769 totus
886 1701 938 1766 bio
965 1702 1056 1766 locus
1085 1701 1133 1766 sic
1155 1702 1297 1768 scriben-

171 1803 231 1868 dus
255 1811 318 1870 est:

321 1915 388 1971 Νοα
410 1913 514 1986 ipnota
537 1912 587 1971 tibi
610 1919 730 1972 nostroe
753 1928 868 1985 quoque
886 1913 1021 1985 formula
1043 1913 1134 1982 ultae,

321 2014 453 2086 Sipoatts
475 2031 564 2087 quum
588 2020 618 2074 tu
641 2015 824 2074 condideras
847 2012 973 2082 tolutim

322 2117 449 2176 Prodite
470 2133 532 2176 αοα
554 2133 698 2190 utiquam:
721 2118 775 2176 sert
795 2117 899 2176 matris
921 2131 997 2174 cura
1019 2118 1144 2192 retexit,

321 2217 434 2278 Sedula
456 2220 537 2292 quod
558 2219 651 2278 timidi
673 2235 750 2278 cure
772 2217 892 2292 tepebat
912 2219 968 2276 cui.

324 2321 366 2378 Τα
389 2322 488 2380 novies
510 2323 602 2381 denos
625 2323 701 2380 uitae
724 2337 790 2380 cum
813 2321 937 2380 duxeris
959 2318 1067 2400 uanos,

321 2424 471 2498 Expertus
492 2426 581 2484 sortts
604 2426 663 2482 tela
686 2425 822 2483 cavenda
846 2429 922 2483 tuae.

320 2527 462 2584 Amissum
483 2527 561 2598 flesti
577 2531 650 2600 post
671 2526 752 2584 trica
775 2526 921 2584 decennio
944 2531 1046 2584 natum

321 2629 449 2688 Saucius
471 2627 587 2702 bocpoe
609 2634 657 2687 tuo
680 2628 788 2687 lumine
811 2644 913 2687 cassus
935 2644 1012 2688 crtus.

256 2725 382 2791 Tertius
405 2725 438 2790 in
461 2725 684 2791 Parentalibus
710 2725 802 2790 locus
830 2723 923 2790 nobis
954 2723 1104 2809 occurrit,
1138 2746 1234 2808 quom
1258 2746 1298 2790 ex

171 2825 199 2890 V
220 2826 294 2891 libri
317 2826 462 2910 vestigiis
485 2827 594 2892 sanari
617 2848 714 2910 posse
736 2833 822 2914 puto.

206 2929 282 3012 XII,
308 2935 332 2992 1.
355 2933 373 2992 2
397 2935 429 2992 st
452 2951 512 3008 qua
531 2935 593 3009 suit
615 2937 718 3004 uirtus,
743 2939 866 3008 cuperet
888 2949 978 3008 quem
996 2936 1113 3008 semina
1128 2935 1268 3010 prudens

397 3039 469 3096 Esse
490 3054 588 3115 saturn,
610 3055 698 3097 soror
719 3035 778 3096 bac
801 3037 924 3095 deludio
946 3053 1007 3096 ααα
1029 3038 1097 3094 ruit.

172 3133 226 3199 Sic
257 3133 290 3198 bi
322 3155 434 3200 versus
466 3156 485 3198 a
514 3134 618 3220 prima
649 3154 746 3198 manu
774 3133 885 3218 scripti
912 3133 996 3196 inV
1024 3140 1167 3199 exstant:
1199 3135 1298 3199 altera

173 3256 288 3302 manus
311 3259 371 3302 nou
393 3237 425 3302 in
449 3260 511 3302 ααα
534 3236 681 3315 mutavit,
704 3236 797 3300 tertia
821 3235 959 3320 denique
983 3235 1143 3320 expunxit
1181 3237 1208 3301 Ε
1231 3237 1297 3320 qui-

172 3335 231 3402 bus
253 3337 360 3404 uerbis
384 3338 496 3402 ultima
519 3338 682 3422 Scaligero
714 3338 760 3404 sic
787 3339 988 3404 restituenda
1015 3359 1088 3406 esse
1115 3339 1186 3404 visa
1209 3345 1298 3404 sunt:

171 3461 258 3504 soror
288 3445 346 3505 bac
376 3463 435 3505 nou
463 3447 594 3506 [tricatio
627 3447 711 3520 suit?
768 3439 847 3523 Sed,
879 3442 1027 3524 quamvis
1058 3439 1155 3522 hujus
1184 3461 1297 3506 versus
1386 3480 1393 3493 ·

173 3541 333 3606 sententia
356 3543 403 3608 sic
426 3543 508 3608 bene
532 3543 661 3626 evadat,
684 3549 792 3606 tumen
816 3542 949 3606 nimium
973 3563 1032 3607 suo
1048 3543 1150 3628 ipsius
1166 3542 1298 3610 arbitrio

175 3645 265 3710 illum
295 3645 471 3710 indulsisse
503 3663 597 3709 nemo
633 3643 778 3727 prolecto
808 3643 955 3728 negabit:
991 3645 1080 3710 nullo
1112 3645 1195 3709 cuim
1223 3645 1299 3728 jure

171 3753 327 3828 Dryadtae
357 3747 446 3813 vocis
476 3746 610 3832 primam
643 3745 803 3830 syllabam
836 3755 1028 3831 correptam,
1065 3747 1298 3831 paenultimam

173 3850 361 3933 productam
386 3869 457 3916 csse
480 3847 593 3933 uoluit,
624 3869 696 3914 cum
723 3849 913 3934 praesertim
937 3869 955 3914 e
978 3870 1074 3915 carm.
1097 3849 1224 3934 XXlll,
1258 3857 1296 3916 10

173 3957 205 4015 et
226 3952 327 4036 XXV,
353 3960 364 4017 1
393 3952 533 4018 dilucide
560 3959 728 4036 appareat,
759 3951 935 4018 Ausonium
966 3959 1031 4018 tres
1059 3951 1181 4036 primas
1211 3953 1297 4020 illius

173 4053 262 4118 vocis
286 4055 429 4137 syllabas
453 4054 617 4138 dactylum
642 4075 714 4120 esse
735 4055 887 4121 voluisse.
933 4054 1067 4120 Accedit
1089 4054 1176 4138 quod
1199 4061 1299 4122 trans-

172 4154 289 4239 positio
313 4177 373 4220 αοα
395 4156 573 4238 particulae
590 4157 685 4222 nimis
701 4157 843 4222 violenta
859 4163 920 4242 est,
944 4177 1015 4222 oum
1031 4156 1187 4240 imprimis
1203 4177 1299 4240 quus-

173 4258 305 4324 rcudum
338 4277 411 4322 esse
441 4257 516 4322 mibi
547 4257 675 4339 quidem
706 4259 866 4344 videatur,
897 4279 973 4324 num
1003 4257 1071 4323 fieri
1103 4259 1169 4324 ullo
1200 4259 1297 4326 modo

171 4360 286 4446 possit,
310 4364 345 4424 ut
360 4358 440 4424 baec
462 4359 641 4442 particulae
659 4361 828 4427 collocutio
849 4369 922 4446 post
938 4368 1098 4428 Brindium
1112 4363 1297 4446 explicetur.
