3234 4932
783 315 990 377 ..18-

327 502 469 588 gendum
501 508 562 587 est,
602 499 772 585 plurimum
804 498 977 567 senectutis
1009 505 1135 582 tenipus
1165 504 1295 583 poetam
1330 503 1363 564 in
1393 499 1449 565 illo

328 605 465 688 degisse.
512 603 573 682 Qui
604 601 733 686 quidem
764 602 883 669 fundus
914 623 990 666 num
1021 600 1108 666 idem
1137 600 1232 666 fuerit
1259 605 1356 684 atque
1387 601 1450 686 illc,

328 727 423 791 quem
445 707 508 772 hoc
531 705 672 771 carmine
692 711 788 788 poeta
804 705 957 788 celebrat,
980 704 1102 770 enullo
1120 702 1296 769 carminum
1311 703 1449 786 vestigio
1522 731 1525 736 ·

329 808 481 893 cognosci
502 813 622 893 potest,
644 806 679 872 id
701 815 809 872 autern
830 805 908 870 mibi
923 805 1204 889 persuasissimum
1220 813 1269 871 est
1282 805 1449 872 librarium

327 911 502 996 quendam,
526 929 597 975 eum
619 908 821 995 praefatione
842 908 898 972 illa
919 908 1004 973 lecta
1026 907 1180 972 indicium
1197 907 1336 973 nominis
1352 909 1449 974 villae

327 1014 537 1080 Ausonianae
560 1011 739 1077 desiderari
768 1010 913 1094 sentiret,
944 1009 984 1074 de
1011 1009 1111 1075 fundo
1134 1010 1316 1076 Lucaniaco
1340 1017 1450 1096 utpote

327 1137 392 1182 non
415 1115 515 1183 semel
537 1135 557 1178 a
579 1121 676 1200 poeta
699 1117 947 1179 commemorato
971 1112 1165 1195 cogitantem
1183 1131 1243 1176 sua
1258 1117 1372 1196 sponte
1388 1113 1450 1178 hoc

327 1238 445 1285 nomen
468 1217 605 1301 margini
628 1215 851 1300 adscripsisse.
903 1213 1046 1290 Quodsi
1073 1214 1128 1278 ille
1156 1213 1214 1296 sio,
1246 1221 1281 1279 ut
1307 1215 1375 1279 veri
1401 1221 1450 1282 est

328 1321 537 1403 simillimum,
560 1318 688 1402 scripsit
711 1323 886 1382 andntoco
909 1321 995 1400 cillo,
1017 1316 1112 1381 facile
1135 1315 1211 1381 inde
1235 1313 1290 1400 (de
1305 1316 1450 1382 librario-

326 1444 395 1488 rum
427 1423 459 1486 in
490 1420 730 1503 longobardicis
757 1418 871 1484 litteris
903 1417 1082 1483 scribendis
1110 1419 1327 1485 inconstantia
1351 1440 1449 1504 supra

321 1525 394 1609 jam
416 1523 497 1603 dixi)
526 1529 656 1588 iactato
678 1529 743 1587 etilo
770 1526 882 1598 (cello)
905 1521 980 1585 oriri
1003 1541 1043 1587 ac
1070 1526 1184 1605 postea
1207 1539 1225 1585 e
1248 1521 1393 1605 margine
1414 1522 1449 1588 in

327 1635 444 1713 poetae
466 1626 565 1692 verba
587 1626 728 1710 irrepere
750 1625 861 1708 potuit.

411 1731 578 1795 Postremo
602 1749 700 1792 unum
722 1747 869 1810 promam
893 1726 1087 1810 exemplum,
1119 1747 1181 1810 quo
1206 1725 1345 1792 studium
1368 1727 1449 1794 illud

327 1833 485 1915 Scaligeri
515 1850 580 1895 non
610 1835 731 1894 rectum
761 1849 834 1908 esse
861 1828 1113 1894 luculentissime
1144 1829 1284 1894 docetur.
1336 1830 1450 1914 Agitur

327 1935 411 2000 enirn
434 1933 475 1999 de
498 1939 668 2012 dependere
690 1931 861 2016 vocabulo,
894 1950 977 2014 quac
1005 1937 1054 1996 est
1080 1931 1112 1994 in
1139 1932 1189 1996 his
1219 1933 1346 1998 duobus
1368 1933 1449 1998 locis

326 2037 444 2102 tradita
465 2036 499 2100 in
521 2036 550 2100 V
574 2034 686 2100 codice
711 2034 884 2118 scriptura:

370 2139 464 2223 edyll.
487 2139 534 2203 XI
555 2159 587 2203 v.
610 2141 661 2203 26.
685 2140 741 2201 27:
857 2147 901 2201 ter
924 2145 1011 2201 clero
1033 2143 1169 2201 instantis
1191 2141 1247 2201 Eoi

530 2247 626 2319 Slpnc
650 2247 734 2304 eontl
754 2261 838 2303 tercs·
860 2245 987 2319 depenso
1012 2241 1112 2303 Morte
1133 2246 1251 2303 satelles

371 2351 402 2408 et
425 2342 516 2426 epist.
539 2343 585 2407 IV
608 2363 636 2406 v.
660 2347 715 2410 68:

478 2451 589 2525 Accipe
612 2455 767 2525 conpertas
788 2451 927 2525 mysterio
946 2449 1062 2524 diocto
1084 2466 1194 2524 napos,

414 2554 496 2625 (ldae
518 2561 616 2614 lernen
638 2553 787 2627 explicitis
808 2568 938 2626 nequeas
961 2553 1128 2626 dependere
1151 2553 1270 2612 cbcrtta

327 2651 448 2716 Neutro
477 2657 584 2715 autem
615 2651 648 2714 in
675 2651 747 2714 loco
774 2649 831 2713 illa
857 2669 920 2714 vox
951 2650 1080 2732 planam
1115 2649 1305 2714 sententiam
1338 2649 1451 2735 eifieit;

328 2771 403 2816 nam
429 2752 514 2834 quod
538 2752 581 2816 ad
603 2753 741 2836 priorem
765 2749 891 2834 attinet,
915 2757 1084 2830 dependere
1099 2771 1156 2835 pro
1176 2759 1357 2832 perpendere
1371 2773 1450 2818 nun·

328 2875 424 2938 quam
449 2853 489 2919 ab
513 2854 643 2920 homine
665 2843 765 2919 latino
789 2853 910 2918 dictum
933 2859 996 2918 est:
1019 2873 1118 2935 quare
1141 2853 1305 2939 „depenso
1329 2855 1449 2920 Marte“

327 2977 369 3022 ne
391 2956 479 3023 idem
502 2965 598 3041 atque
620 2979 762 3037 adpensa
786 2961 861 3022 tello
885 2976 959 3021 esse
973 2975 1071 3040 posse
1086 2963 1247 3040 putemus,
1271 2958 1450 3023 cavendum

294 3117 298 3128 .
328 3059 394 3125 erit.
440 3057 506 3124 Sed
528 3061 625 3125 valde
647 3060 757 3143 miror,
788 3059 874 3143 quod
902 3059 1048 3142 Scaliger
1072 3066 1242 3138 dependere
1268 3080 1380 3126 vocem
1410 3080 1448 3126 ea

328 3181 393 3243 qua
417 3162 566 3245 usurpari
589 3163 671 3229 solet
693 3162 823 3228 notione
848 3162 966 3247 optime
989 3161 1032 3227 ad
1054 3161 1139 3227 huno
1160 3162 1268 3226 locum
1295 3161 1452 3246 quadrare

328 3269 419 3328 ratus
443 3262 646 3329 artificiosius
658 3266 695 3342 ¹⁴)
717 3285 812 3347 quam
831 3265 939 3331 verius
955 3265 982 3329 V
998 3265 1070 3331 libri
1093 3259 1284 3349 scripturam
1300 3264 1452 3331 defendit.

334 3525 339 3534 ,
402 3469 430 3534 ¹⁴)
454 3473 510 3522 lect.
532 3473 674 3522 Ausonian.
700 3473 774 3522 lib.l
798 3489 853 3537 cap.
876 3473 919 3521 l'l:
947 3474 1025 3524 Vetus
1047 3473 1110 3522 liber
1133 3473 1249 3536 depenso,
1276 3474 1345 3537 quod
1364 3489 1452 3524 verum

330 3565 374 3606 est.
410 3557 514 3608 Primus
534 3559 684 3610 Parrhasius
708 3575 814 3624 eumque
837 3567 936 3610 secutus
959 3567 1071 3622 nugator
1093 3559 1146 3620 ille,
1174 3560 1217 3622 qni
1240 3559 1453 3610 commentarium

330 3644 356 3692 in
375 3644 426 3693 hoc
445 3646 595 3708 opusculum
614 3646 704 3704 edidit,
729 3647 928 3710 interpretantur
953 3646 983 3694 de
1004 3645 1092 3694 fabula
1114 3645 1205 3694 Martis
1225 3644 1376 3706 deprehensi
1394 3660 1452 3694 oum

330 3729 442 3791 Venere,
474 3737 498 3778 et
522 3729 618 3792 gallum
641 3731 812 3792 gallinaceum
837 3731 983 3790 satellitem,
1010 3731 1040 3779 de
1069 3745 1119 3792 quo
1144 3730 1185 3778 hic
1212 3729 1239 3776 tit
1265 3729 1373 3789 mentio,
1401 3745 1453 3780 esse

330 3817 425 3865 volunt.
462 3815 518 3880 Ego
543 3831 603 3865 sane
628 3821 800 3864 commentum
826 3815 916 3876 laudo,
945 3824 1028 3863 tamen
1052 3830 1140 3864 verum
1164 3829 1216 3862 non
1243 3822 1313 3878 puto.
1357 3814 1454 3866 Pendet

330 3903 398 3951 enim
417 3917 433 3950 a
450 3902 616 3966 praecedente
637 3915 720 3950 versus
739 3901 798 3949 iste:
823 3900 936 3963 nihilque
961 3899 1029 3948 aliud
1054 3900 1136 3948 innuit
1159 3913 1236 3962 quam
1254 3907 1371 3963 quartam
1390 3901 1454 3965 vigi-

329 3987 403 4047 liam,
428 3988 455 4035 in
480 4001 532 4049 qua
549 3987 651 4036 tubicen
670 3985 788 4035 instantis
807 3986 870 4035 lucis
889 3993 926 4035 ter
944 3985 1045 4048 signum
1063 3985 1124 4034 tuba
1142 3985 1211 4034 canit
1227 3999 1265 4048 sq.
1308 3985 1373 4034 Mihi
1391 3987 1454 4036 haec

331 4073 416 4122 verior
434 4073 618 4136 interpretatio.
655 4073 722 4123 Nam
740 4074 767 4123 in
784 4072 863 4122 veteri
882 4071 971 4122 codice
990 4069 1091 4136 depenso
1109 4070 1213 4135 legitur,
1232 4071 1282 4120 hoc
1301 4079 1339 4121 est
1356 4073 1453 4122 exami-

330 4163 400 4206 nato.
435 4157 544 4208 Martem
563 4158 629 4208 enim
649 4159 673 4207 h.
693 4173 715 4207 e.
734 4165 819 4208 eastra
836 4158 931 4206 Martia
949 4158 1059 4222 depensa
1076 4164 1164 4219 vocat,
1191 4156 1218 4206 in
1240 4156 1331 4219 quibus
1355 4156 1453 4207 libretis

331 4248 356 4292 et
380 4243 529 4292 examinatis
554 4244 694 4308 aequaliter
719 4251 830 4308 quatuor
853 4244 967 4308 partibus
994 4243 1076 4291 noctis
1101 4241 1204 4304 vigiliae
1227 4241 1453 4292 constituebantur.

330 4325 445 4391 Depenso
463 4328 555 4393 igitur,
585 4331 616 4378 ad
641 4345 747 4380 examen
770 4330 909 4395 aequaliter
932 4329 1040 4394 partito:
1070 4327 1218 4392 aequalibus
1237 4328 1305 4378 enim
1323 4335 1347 4378 et
1365 4337 1453 4380 exacte

330 4412 430 4462 tributis
448 4413 562 4478 partibus
581 4421 699 4464 constant
716 4415 827 4480 vigiliae.
