3234 4932
629 333 842 394 ..17-

174 516 233 583 sub
257 515 353 582 finem
376 517 404 581 V
426 515 459 580 in
482 516 626 600 margine
650 517 779 582 exhibet
795 517 950 582 nonnulla
964 517 1065 583 verba
1079 518 1184 603 prims
1198 539 1297 584 manu

174 619 312 702 scripta3
336 639 408 684 oum
423 623 530 683 autom
547 620 588 684 ab
609 620 675 684 alia
693 639 803 703 manu,
823 639 906 702 quac
925 619 1064 685 maxime
1082 619 1198 684 iisdem
1214 621 1297 704 prio·

174 724 262 788 ribus
285 723 461 787 litterarum
479 719 628 786 ductibus
651 721 813 804 utebatur,
837 721 1053 806 superscripta
1074 721 1150 806 sint,
1173 724 1296 788 nullum

173 824 289 910 prioris
312 823 489 906 scripturae
505 823 699 888 vocabulum
716 823 869 906 cognosci
887 828 1001 908 potest.
1035 823 1173 890 Alterius
1189 831 1295 890 autom

174 947 288 991 manus
312 926 503 1009 scripturam
525 944 584 989 nec
608 925 755 1009 Vinctus,
784 925 838 1008 qui
860 925 1004 1009 priorum
1027 924 1203 991 litterarum
1225 928 1296 992 reli-

173 1029 257 1113 quiis
279 1029 313 1092 in
336 1047 475 1094 errorem
499 1025 615 1092 ductus
636 1034 793 1112 „pavetne
810 1047 960 1111 mequam
975 1047 1063 1112 spes,
1085 1028 1185 1094 fides“
1211 1029 1297 1113 legit,

172 1152 232 1198 nec
256 1131 413 1214 Scaliger,
437 1129 491 1212 qui
514 1148 678 1212 „paresne
702 1129 873 1211 quicquam
901 1149 990 1214 spes,
1021 1128 1125 1195 fides“
1151 1129 1296 1196 ultimum
1410 1169 1411 1172 =

172 1233 268 1317 hujus
292 1232 444 1297 carminis
467 1251 595 1296 versum
619 1251 692 1296 esse
714 1231 828 1314 voluit,
850 1240 937 1298 recte
958 1231 1176 1316 tradiderunt3
1198 1231 1296 1297 immo

173 1357 250 1402 vero
273 1336 355 1400 hacc
379 1341 443 1422 cst:

475 1447 604 1514 pavetne
627 1442 786 1514 quicquam
807 1457 875 1514 spes
894 1443 982 1512 rides,

175 1559 258 1622 quae
279 1538 378 1602 verba
401 1538 531 1602 minime
553 1537 702 1621 Ausonii,
732 1537 791 1601 scd
814 1538 990 1602 absurdum
1012 1538 1136 1604 librarii
1160 1537 1296 1622 alicujus

43 1641 47 1646 '
173 1641 426 1707 additamentum
450 1659 554 1723 eaque
578 1640 619 1704 de
642 1659 742 1705 causa
764 1641 982 1724 expungenda
998 1661 1083 1725 esse,
1108 1641 1296 1708 Souchaeus

167 1744 237 1828 jam
261 1742 369 1809 docuit
390 1743 423 1807 in
446 1741 802 1807 Animadversionibus.

259 1847 342 1911 Huic
363 1847 435 1911 loco
459 1845 566 1910 statim
596 1845 695 1908 alium
718 1831 896 1927 adjungere
918 1845 1026 1928 placet
1049 1845 1145 1930 edyll.
1172 1845 1231 1929 ΙΙΙ,
1263 1845 1297 1910 in

102 2014 105 2020 ,
172 1971 235 2032 quo
259 1949 363 2014 simile
385 1949 486 2013 latere
508 1947 635 2012 videtur
658 1946 921 2012 additamentum.
959 1947 1064 2030 Hujus
1084 1948 1168 2013 enim
1185 1947 1297 2032 edyllii

171 2050 329 2135 praelatio
362 2049 409 2113 sic
439 2048 474 2112 in
503 2049 531 2113 V
564 2048 676 2113 codice
708 2049 895 2130 praebetur:
926 2049 1087 2114 INCIPIT
1117 2050 1175 2114 DE
1203 2049 1297 2114 PRE-

173 2150 307 2218 DIOLO
331 2149 574 2215 PRAEFATIO
590 2149 638 2214 IN
658 2148 793 2215 PROSA
818 2173 883 2215 com
905 2157 942 2215 dc
966 2159 1082 2217 Palatio
1099 2161 1174 2230 post
1194 2160 1298 2216 multos

173 2276 268 2328 aanor
297 2259 541 2318 honoratissimus
569 2261 679 2334 quippe
699 2259 768 2332 jam
803 2261 908 2318 consul
934 2259 1061 2319 redisset
1087 2261 1129 2319 od
1151 2261 1295 2335 patrium,

172 2363 300 2422 vittatam
332 2377 420 2436 qaum
444 2368 536 2435 poter
561 2362 728 2435 reliquerat
752 2363 963 2435 introgressus,
992 2361 1038 2420 Iris
1064 2363 1195 2424 versibus
1221 2365 1296 2434 lasr‘t,

172 2465 306 2525 Lariano
337 2465 417 2541 stilo,
448 2457 503 2522 ubi
530 2457 642 2522 ultima
673 2459 773 2524 verba
805 2459 969 2537 „Luciauo
1002 2459 1095 2524 stilo“
1129 2460 1206 2543 quid
1238 2460 1297 2525 sibi

172 2561 283 2644 velint,
315 2580 380 2624 non
408 2559 611 2642 intellegitur.
656 2559 802 2642 Scaliger
829 2559 926 2643 igitur
957 2562 1108 2627 mutavit:
1140 2569 1296 2628 Luciliano
1417 2583 1419 2588 ’

171 2669 251 2739 stilo,
284 2682 368 2746 quae
399 2662 532 2726 mutatio
564 2662 597 2726 in
630 2682 742 2727 omnes
775 2661 933 2728 editiones
960 2670 1091 2748 recepta
1121 2672 1179 2731 est.
1232 2665 1297 2732 Sed

173 2767 337 2850 quaeritur
365 2765 399 2830 in
428 2765 554 2850 primis,
587 2765 628 2831 dc
656 2785 796 2849 quonam
824 2765 888 2831 stili
910 2766 1070 2832 Luciliani
1099 2788 1217 2851 genere
1244 2767 1298 2833 hic

173 2869 307 2934 dinatus:
352 2868 432 2932 Cum
461 2876 569 2933 antem
600 2867 641 2932 de
672 2886 724 2949 eo,
757 2888 819 2949 quo
851 2864 1008 2952 Lucilius,
1034 2875 1123 2933 'teste
1152 2869 1296 2948 Horatio,

174 2971 318 3037 carmina
340 2989 455 3052 parum
485 2969 656 3053 diligenter
685 2969 853 3034 elaborata
884 2989 925 3033 cx
951 2976 1095 3054 ternpore
1126 2970 1298 3054 scribebat,

174 3072 310 3156 cogitari
332 3092 397 3136 non
419 3071 537 3155 possit,
569 3071 648 3135 nihil
671 3071 760 3137 aliud
782 3077 884 3136 restat
906 3091 1002 3152 quam
1029 3070 1075 3152 id,
1107 3070 1193 3153 quod
1215 3071 1296 3136 Sou-
1325 3136 1328 3142 .

174 3175 294 3241 chaeus
317 3174 484 3260 amplexus
508 3179 569 3255 est,
602 3174 746 3257 cogitare
769 3173 810 3238 de
833 3172 928 3252 „stilo
951 3172 1089 3256 simplici
1113 3179 1145 3237 et
1169 3174 1298 3256 priscae

174 3277 378 3341 venustatis.“
426 3276 466 3340 ld
493 3283 599 3341 autem
622 3276 765 3340 maxime
788 3274 935 3358 offendit,
964 3274 1064 3358 quod,
1097 3296 1169 3340 cum
1196 3279 1297 3342 multa

174 3377 308 3442 Ausonii
333 3377 476 3442 carmina
499 3377 614 3443 eadem
637 3378 843 3462 simplicitate
867 3398 905 3442 ac
927 3383 1098 3442 venustate
1128 3378 1204 3461 sint,
1235 3378 1297 3443 hoc

173 3486 297 3544 tantum
320 3479 487 3544 Luciliano
511 3479 585 3544 stilo
601 3481 754 3564 scriptum
771 3481 914 3562 dicatur;
935 3486 1103 3562 praetcrea
1118 3499 1183 3544 non
1198 3499 1297 3565 appa·

173 3589 234 3668 ret,
273 3603 329 3648 cur
360 3581 531 3666 praecipue
569 3581 683 3644 Lucilii
716 3581 856 3645 imItator
883 3581 1044 3646 Ausonius
1077 3581 1138 3647 hoc
1167 3603 1231 3647 uno
1262 3583 1296 3647 in

177 3685 316 3750 carmine
343 3682 511 3748 habendus
540 3681 589 3747 sit.
643 3679 749 3760 Quare
779 3682 844 3746 alia
866 3687 1000 3748 Luctooo
1024 3689 1089 3748 stilo
1115 3685 1298 3769 explicandi

175 3787 228 3852 ria
250 3806 353 3872 eaque
376 3785 473 3850 multo
497 3771 671 3870 simplicior
699 3783 911 3867 ingredienda
938 3791 996 3851 cst.
1049 3784 1183 3851 Constat
1210 3787 1321 3851 euim·

177 3909 216 3954 ex
238 3890 328 3972 epist
351 3888 457 3954 XXIV
482 3913 508 3954 v.
532 3892 571 3953 95
595 3887 774 3953 Ausonium
796 3887 830 3950 in
852 3887 980 3952 Novcro
1004 3908 1090 3972 pago
1114 3887 1202 3972 apud
1218 3889 1297 3953 San-

176 3997 269 4056 tones
300 3999 364 4056 tres
395 3991 512 4057 fundos
545 3991 715 4058 habuisse:
748 4009 765 4053 c
797 3987 917 4071 quibus
945 4010 1016 4055 cum
1048 4009 1146 4054 unum
1173 3996 1296 4055 tantum

176 4091 393 4159 Lucaniacum
417 4093 548 4175 saepius
571 4093 605 4157 in
633 4091 828 4158 carminibus
858 4098 1134 4176 commemoretur,
1147 4095 1183 4166 ¹³)
1211 4092 1297 4159 colli-

246 4334 278 4397 13)
296 4335 329 4385 ci.
348 4333 428 4397 epigr.
447 4333 538 4395 XXX,
563 4333 591 4396 t;
620 4334 691 4398 eplet.
710 4333 787 4384 XXII
811 4334 900 4398 praei,
924 4334 985 4386 ibid.
1007 4349 1030 4386 v.
1054 4333 1102 4398 43;
1126 4336 1202 4385 etiarn
1225 4334 1296 4400 epist.

176 4421 278 4472 Paulini
296 4435 319 4471 v.
338 4417 388 4469 256
406 4415 475 4480 (Bip.
494 4435 519 4484 p.
538 4415 608 4480 350).
