3234 4932
774 161 983 224 ..30-

316 342 402 426 quod
430 341 508 408 nihil
546 341 634 408 aliud
672 348 721 408 est
750 363 845 428 quam
869 351 1063 429 aestifluique,
1101 345 1247 428 quamvis
1277 346 1311 410 in
1342 345 1440 430 hujus

315 451 431 528 poetae
463 445 659 510 carminibus
689 466 754 511 non
784 448 974 532 reperiatur,
1009 454 1114 512 tamen
1151 469 1216 512 non
1246 449 1344 513 habet
1374 471 1439 531 quo

315 547 471 631 offendat,
495 568 566 612 cum
586 548 691 631 ipsam
708 548 790 613 hanc
806 570 918 616 vocem
933 552 1078 634 legamus
1096 551 1247 636 scriptam
1263 551 1296 615 iu
1311 551 1440 615 Antbol.

314 650 368 714 lat.
391 648 505 734 (Ries.)
528 671 578 715 no.
604 655 664 715 720
692 673 719 716 v.
744 657 761 716 3
786 674 920 732 quaeque
950 659 1003 718 cub
1036 661 1176 733 aestiflutr
1208 659 1306 718 Tbettr
1336 661 1438 718 umida

314 761 447 818 couttaet
467 760 562 818 aalma
584 753 695 831 (Solin.
719 753 753 818 fr.
778 755 880 832 Pout.)
913 764 945 821 et
972 757 1092 821 similes
1120 756 1328 821 formationes
1351 757 1438 820 velut

313 863 463 935 vestifluus
493 856 577 921 aliae
609 877 650 922 ne
681 857 722 920 ab
755 858 900 922 Ausonio
934 857 1063 941 quidem
1095 859 1221 924 alienae
1253 858 1323 923 siut.
1367 859 1435 922 Hoc

312 958 410 1041 igitur
432 980 528 1025 versu
550 957 661 1024 addito
679 959 807 1024 demum
824 967 892 1026 tota
908 961 1068 1026 sententia
1085 963 1242 1026 concinna
1257 960 1298 1025 tit.
1332 959 1436 1039 Quare

313 1082 372 1126 sua
394 1061 537 1128 Ausonio
561 1062 672 1146 verba,
697 1050 878 1128 criticorum
902 1064 953 1128 vel
975 1063 1176 1128 librariorum
1200 1064 1319 1146 injuria
1334 1084 1437 1146 paene

313 1163 494 1250 deperdita,
519 1185 604 1230 nunc
626 1165 833 1232 restituamus
857 1188 874 1232 e
898 1167 924 1230 V
947 1166 1019 1230 libri
1042 1168 1248 1238 auctoritate:

446 1273 504 1332 Ver
526 1276 646 1347 louqum
669 1273 851 1348 brumaeque
872 1292 946 1334 acuo
970 1291 1036 1332 cram
1057 1277 1118 1334 sale
1140 1281 1289 1349 tepeutm;

439 1376 629 1450 Aerttslutque
651 1393 765 1449 amaea,
788 1393 925 1451 quarunt,
940 1377 1022 1450 J'uqu
1045 1377 1122 1437 vitea
1139 1377 1256 1446 eumer,

440 1479 568 1538 Fervent
589 1496 755 1554 aequoreos
776 1481 891 1540 imitata
910 1481 1024 1554 tluerrtu
1047 1486 1167 1540 meatus.

395 1677 501 1744 Venio
533 1699 617 1744 nunc
649 1679 691 1744 ad
724 1700 780 1745 cos
812 1681 914 1764 locos,
948 1681 1063 1764 quibus
1092 1680 1125 1744 in
1158 1688 1271 1761 edqllttr
1299 1681 1436 1745 Ausonii

311 1781 525 1848 emendandis
542 1781 692 1846 Vossiani
715 1782 889 1848 auctoritas
911 1782 998 1846 haud
1014 1784 1196 1868 spernenda
1213 1803 1285 1848 esse
1301 1783 1436 1848 videtur.

311 1883 453 1960 Quorum
476 1884 613 1968 primum
638 1904 710 1948 esse
733 1892 810 1968 puto
834 1885 927 1968 cdyll.
950 1887 978 1969 Ι,
1001 1907 1029 1950 v.
1055 1891 1093 1950 10
1110 1894 1141 1952 et
1161 1892 1213 1970 11,
1235 1885 1290 1950 ubi
1312 1886 1347 1949 in
1371 1907 1436 1949 om·

309 1987 403 2052 nibus
428 1985 514 2070 quod
537 1987 634 2052 sciam
660 1986 855 2052 editionibus
878 1988 1031 2071 legimus:

440 2095 484 2154 Tu
506 2094 602 2154 treats
623 2095 703 2155 huuc
725 2097 792 2155 ucat
814 2113 932 2156 currum
955 2099 1138 2170 celeremque
1161 2098 1299 2158 caducae

437 2199 540 2258 Fiuem
564 2200 682 2258 amimae
705 2200 811 2271 douae,
836 2203 977 2258 aeternae
999 2216 1122 2259 muuere
1142 2200 1232 2272 vitae,

310 2296 425 2380 quibus
457 2295 491 2359 in
522 2296 629 2362 verbis
661 2303 843 2374 celeremque
877 2295 957 2360 illud
988 2295 1087 2378 inepti
1118 2296 1242 2379 aliquid
1274 2294 1371 2360 habet
1401 2300 1432 2358 et

309 2398 472 2481 languidi:
503 2398 640 2482 primum
673 2398 756 2463 eninr
784 2419 849 2463 non
878 2398 1084 2482 intellegitur,
1118 2417 1173 2464 cur
1203 2398 1285 2480 linis
1306 2397 1432 2464 animae

309 2510 390 2568 ceter
417 2502 558 2586 dicatur:
590 2508 656 2566 tum
686 2522 762 2566 vcro
790 2521 903 2588 parum
934 2521 1101 2586 assequor,
1134 2522 1196 2583 quo
1225 2501 1321 2566 modo
1351 2500 1435 2565 celer

309 2607 435 2670 animae
458 2603 531 2670 finis
555 2605 725 2670 cohaereat
755 2625 824 2669 cum
853 2623 985 2668 munere
1013 2610 1165 2669 aeternae
1192 2604 1285 2669 vitae.
1329 2603 1434 2667 Nemo

309 2713 416 2773 autem
439 2705 532 2790 vidit,
556 2706 642 2789 quod
665 2707 693 2770 V
714 2707 796 2771 liber
818 2705 938 2771 diserte
962 2711 1163 2790 celebremque
1178 2706 1326 2790 praebet:
1349 2725 1434 2788 quae

308 2811 466 2896 scriptura
496 2809 615 2894 optime
647 2807 690 2872 ud
717 2815 814 2874 totam
842 2807 925 2873 banc
953 2809 1144 2874 sententiam
1168 2807 1317 2891 quadrat:
1350 2827 1434 2872 suur-

308 2935 394 2978 mum
418 2912 502 2990 enirn
525 2912 580 2996 pio
604 2911 719 2995 cuique
743 2910 864 2976 homini
886 2909 920 2974 id
952 2911 1049 2976 debet
1069 2911 1161 2995 esse,
1194 2909 1280 2994 quod
1308 2909 1434 2974 animus

261 3016 263 3022 ’
308 3022 418 3081 noster
439 3014 556 3081 caduci
580 3013 723 3099 corporis
747 3014 833 3080 uitiis
857 3021 954 3079 antea
977 3013 1142 3096 subjectus
1166 3020 1266 3078 morte
1282 3020 1434 3080 aeternae

308 3118 393 3184 vitae
415 3118 577 3203 particeps
601 3116 642 3182 fit.

392 3221 497 3306 Edyll.
521 3220 569 3285 IV
590 3241 618 3285 v.
643 3224 683 3284 95
708 3227 739 3285 et
761 3224 802 3284 96
826 3219 859 3284 in
883 3218 1024 3284 editione
1046 3219 1220 3304 Bipontina
1242 3218 1395 3302 legimus:

523 3329 628 3388 Posses
650 3334 787 3397 arctatus,
804 3344 911 3403 posces
933 3333 1075 3387 ouerutus
1096 3327 1221 3387 hubert:

308 3425 361 3490 Sic
376 3425 528 3491 Floridus
552 3425 687 3491 mutavit
701 3425 894 3510 posthabitis
917 3445 999 3508 quae
1015 3424 1165 3490 Barthius
1186 3432 1293 3508 (quem
1309 3425 1432 3490 'lollius

307 3535 435 3594 secutus
459 3533 522 3606 est)
544 3529 578 3594 in
600 3528 685 3594 hunc
708 3529 813 3594 locum
829 3528 968 3612 protulit.
1006 3527 1130 3593 Barthii
1145 3533 1252 3593 autem
1272 3527 1433 3593 sententia

307 3653 345 3698 eo
378 3638 515 3718 spectat,
552 3641 586 3698 ut
617 3639 770 3698 bouorare
800 3631 959 3698 interdum
995 3631 1091 3696 etiam
1123 3629 1268 3698 secunda
1305 3631 1433 3715 syllaba

307 3743 453 3820 correpta
490 3735 584 3819 quasi
621 3741 771 3800 honerare
806 3734 1054 3818 pronunciatum
1087 3755 1159 3802 esse
1194 3741 1295 3818 ratus,
1330 3754 1432 3814 posses

306 3850 447 3923 cruatur,
467 3825 762 3931 porres‘boucrutur
789 3836 994 3902 scribendum
1023 3844 1176 3902 censeret.
1227 3834 1331 3914 Quam
1361 3855 1432 3901 scn-

306 3943 439 4006 tentiam
478 3941 530 4006 vix
562 3949 649 4008 stare
680 3961 777 4026 posse
813 3947 907 4026 puto:
939 3940 1010 4023 jam
1047 3939 1131 4005 enim
1168 3939 1238 4025 ipse
1277 3937 1432 4022 concedit,

304 4051 435 4130 poetae,
468 4044 559 4128 cujus
583 4065 621 4112 ex
646 4043 840 4111 carminibus
869 4042 1049 4128 exemplum
1076 4042 1108 4106 iu
1136 4042 1353 4108 testimonium
1376 4040 1431 4106 ad-

304 4147 420 4232 hibuit,
446 4149 586 4230 „nullam
610 4148 741 4214 omnino
765 4145 989 4214 auctoritatem
1012 4148 1111 4214 esse.“
1166 4144 1232 4210 Sed
1255 4165 1296 4210 ne
1320 4164 1431 4210 eorum

305 4248 445 4336 quidem,
478 4251 531 4334 qui
558 4262 700 4317 atteratur
733 4248 924 4336 scripturam
956 4247 1147 4333 defendunt,
1178 4240 1321 4314 rationes
1352 4245 1431 4312 mihi

1275 4361 1288 4394 9
