3234 4932
678 281 888 341 ..15-

226 485 288 547 que
311 463 466 545 ejusdem.
510 463 551 526 Et
573 462 709 528 Ausonii
732 461 874 528 Mosella.
896 463 962 526 XII
984 457 1118 548 lapides.
1161 463 1251 528 Sacc.
1274 462 1346 527 XII.

226 567 340 632 LXII“
357 567 492 633 Carmen
514 566 554 629 de
571 567 636 630 XII
652 565 828 651 lapidibus,
852 565 939 648 quod
954 585 1048 629 nemo
1065 565 1171 630 adhuc
1194 569 1347 648 quantum

227 669 326 734 seiam
351 670 624 752 commemoravit,
648 676 775 734 centum
799 675 829 732 et
851 666 965 750 viginti
988 666 1184 733 hexametris
1208 671 1348 732 constat:

226 771 363 836 Ausonii
386 770 448 836 hoc
472 791 557 855 esse,
578 771 777 856 persuadere
799 770 878 834 mihi
900 789 966 834 non
987 789 1129 853 possum.

312 874 485 939 Praeterea
519 894 539 938 a
571 874 772 957 Bccclringio
804 872 926 951 (Jahrb.
953 871 983 936 d.
1010 872 1045 936 V.
1070 894 1098 936 v.
1126 873 1161 936 A.
1187 871 1207 936 1.
1236 870 1265 936 d.
1293 870 1349 935 Rh.

228 976 288 1040 VII
310 997 341 1060 p.
365 980 399 1051 3)
422 975 455 1039 hi
477 977 633 1041 Mosellae
655 976 730 1039 libri
754 983 1058 1040 commemorantur:

271 1077 375 1144 codex
396 1085 604 1142 Bruxeliensis
625 1100 673 1142 no.
695 1081 781 1140 5370
803 1079 856 1153 (ci.
881 1078 1052 1160 catalogue
1075 1076 1133 1142 166
1156 1075 1349 1143 manuscrits

228 1181 269 1246 de
291 1182 325 1244 la
347 1179 568 1262 bibliotheque
589 1180 702 1263 royale
725 1179 783 1244 des
807 1179 888 1246 dues
909 1180 950 1245 de
965 1181 1161 1264 Bourgogne
1184 1186 1258 1246 tom.
1282 1179 1298 1243 I
1320 1199 1350 1262 p.

231 1287 317 1365 108),
340 1282 468 1346 membr.
492 1301 577 1347 saec.
600 1282 655 1348 XI.
1115 1276 1118 1286 '

275 1390 406 1450 Coroebi
438 1390 593 1448 Gcaltberr'
622 1385 768 1467 Mosella,
799 1385 880 1451 liber
907 1387 1071 1470 antiquus,
1104 1385 1146 1452 de
1176 1405 1240 1470 quo
1272 1383 1351 1448 nihil

232 1485 380 1570 comperi.
592 1553 595 1559 ,

271 1593 496 1676 Gemblcceacts
527 1595 615 1665 liber,
646 1590 680 1654 iu
711 1611 773 1674 quo
805 1597 933 1674 praeter
959 1591 1127 1657 Mosellam
1154 1590 1249 1675 cdyll.
1271 1587 1352 1654 XIX

231 1698 262 1756 et
286 1690 441 1756 Caesares
474 1697 602 1756 exstare
633 1693 782 1756 dicuntur
809 1713 904 1776 quem
933 1694 1071 1759 eundem
1100 1685 1179 1760 esse
1205 1693 1353 1777 suspicor

230 1801 327 1876 atque
350 1792 465 1856 librum
488 1795 637 1858 Laurent.
659 1796 737 1878 plut.
760 1801 800 1861 89
824 1817 874 1862 no.
897 1802 925 1863 8.

315 1901 343 1960 5.
365 1901 524 1978 Eclogarii
546 1897 675 1980 singula
698 1898 840 1963 carmina
856 1899 971 1983 quibus
991 1899 1130 1964 inlibris
1145 1898 1354 1984 reperiantur,

227 1997 296 2079 jam
319 1997 362 2061 ab
384 1998 433 2063 Al.
455 1999 564 2064 Riesio
586 1999 620 2063 in
642 1999 768 2064 Anthol.
795 2002 849 2066 lat.
877 2002 1117 2066 accuratissime
1147 2003 1354 2086 explanatum

231 2106 288 2163 est.
331 2098 545 2192 Hostautum
568 2099 689 2166 addam
711 2102 810 2167 libros
831 2103 1061 2187 Sangallenses
1082 2103 1161 2168 noni
1183 2110 1215 2168 et
1237 2103 1355 2168 decimi

231 2201 370 2266 saeculi:
769 2203 771 2208 '

384 2302 527 2388 Sangall.
542 2327 593 2370 no.
609 2311 670 2374 218
694 2314 725 2372 61
741 2312 802 2372 250
826 2309 976 2376 exhibent
999 2329 1129 2374 carmen
1152 2316 1220 2387 ,Ad
1235 2315 1354 2374 Boreae

606 2413 735 2490 portes“
758 2431 804 2493 sq.

545 2515 678 2576 16251
705 2520 736 2576 et
759 2517 819 2577 397
845 2533 973 2577 carmen
998 2520 1135 2590 ,Primam
1149 2514 1333 2579 canaonas&

317 2614 344 2674 6.
367 2615 528 2693 Epistulae
550 2614 725 2678 nonnullae
748 2615 858 2678 insunt
881 2616 914 2678 in
936 2615 986 2680 his
1010 2616 1120 2681 libris:

381 2713 578 2780 Bruxellens.
601 2737 654 2780 uo.
681 2721 758 2782 1013
783 2726 815 2783 61
839 2722 921 2782 1074
945 2717 1010 2802 (ep.
1033 2717 1076 2782 ad
1098 2715 1296 2800 Paulinum),

381 2816 530 2882 Laureut.
552 2818 629 2902 plut.
653 2823 692 2884 23
716 2841 767 2885 no.
784 2825 823 2884 20
848 2840 933 2886 saec.
948 2821 1009 2886 XV
1034 2824 1094 2904 (ep.
1111 2819 1154 2884 ad
1169 2817 1354 2902 Paulinum)

383 2917 526 2999 Sangall.
549 2940 599 2986 no.
623 2925 684 2986 887
708 2928 772 3005 (ep.
795 2921 838 2986 ad
861 2921 1112 3006 Symmachum).

318 3431 382 3497 Sed
405 3431 488 3497 haec
510 3430 639 3514 quidem
662 3432 881 3502 hactenusde
901 3433 992 3497 libris
1014 3431 1255 3518 manuscriptIs3
1277 3431 1355 3497 nihil

233 3534 318 3598 enim
341 3533 430 3598 alind
457 3535 546 3600 volui
572 3534 635 3598 nisi
663 3554 719 3598 eos
752 3541 871 3599 certam
903 3535 944 3598 ad
975 3533 1133 3600 rationem
1160 3536 1356 3619 compositos

232 3655 437 3702 enumerare:
460 3655 501 3701 ac
522 3635 716 3702 veniendum
739 3635 833 3702 nobis
847 3624 906 3702 ¹est
929 3636 1039 3722 adid,
1068 3659 1132 3722 quo
1154 3638 1356 3723 potissimum

232 3737 314 3806 haec
338 3737 563 3804 commentatio
591 3743 738 3820 spectare
767 3737 875 3824 debet,
909 3740 950 3805 de
977 3739 1005 3804 V
1034 3740 1156 3807 codicis
1185 3740 1356 3805 611166-

232 3839 321 3905 nium
353 3840 589 3908 emendandum
627 3840 818 3907 auctoritate
854 3841 1028 3927 disputare.
1088 3842 1190 3920 Quem
1229 3841 1357 3925 quidem

232 3939 348 4008 librum
370 3963 601 4027 nonnunquam
628 3943 724 4008 etiam
750 3943 837 4010 vitiis
867 3945 1069 4010 librariorum
1096 3945 1259 4028 laborare,
1287 3943 1357 4026 jam

233 4061 332 4127 supra
354 4045 437 4110 dixi:
460 4053 495 4110 ut
516 4045 612 4128 igitur
635 4066 707 4110 eam
730 4047 764 4110 iu
787 4067 852 4129 qua
867 4047 907 4111 de
923 4046 1077 4112 Vossiani
1092 4047 1177 4114 vitiis
1194 4047 1358 4130 agendum

233 4144 293 4210 erit
314 4152 438 4229 partem
460 4148 670 4233 praeripiam,
693 4149 796 4232 primo
819 4149 891 4214 loeo
915 4151 1081 4233 complura
1104 4149 1237 4214 afferam
1254 4171 1358 4215 exem-

232 4247 301 4333 pla,
324 4267 408 4332 quae
429 4250 525 4334 plane
548 4250 679 4334 docent,
710 4251 812 4316 nimia
836 4252 1037 4334 Scaligerum
1060 4249 1177 4317 fiducia
1201 4251 1359 4318 Vossiani

232 4350 400 4435 scripturis
423 4351 645 4418 auctoritatem
668 4353 831 4419 tribuisse.

1174 4457 1205 4510 2*
