3234 4932
670 333 712 345 ...
755 265 881 360 21⁸„-

301 480 349 548 Ec
372 481 477 566 magis
499 483 610 568 miror,
634 481 720 565 quod

345 606 373 650 v.
397 589 436 651 39
458 593 561 651 semita
584 597 722 652 ventosae
743 596 867 665 saporat
886 607 967 665 copo
988 590 1092 650 autito
1113 593 1212 664 tuaac,

217 686 272 751 ubi
307 694 484 752 ceterorum
523 688 680 771 scriptura
710 709 782 754 oum
809 685 962 754 Vossiaui
993 687 1152 772 scripturn
1187 688 1341 771 congruit,

218 788 353 855 Vinctus
377 795 409 854 et
431 789 578 874 Scaliger
600 796 709 856 tamen
731 795 835 856 nabitu
858 795 1021 854 mutarunt
1042 791 1075 854 in
1103 796 1227 874 lumina,
1254 789 1340 873 quod

219 891 313 956 etiam
346 892 496 958 Floridus
528 893 680 960 defendit.
737 892 927 960 Rectissime
962 898 1071 958 autem
1102 892 1226 959 Tollius
1257 893 1341 957 lianc

218 995 427 1060 mutationem
463 995 577 1078 rejecit
614 995 766 1062 traditam
803 996 996 1078 scripturam
1032 995 1214 1062 restituens.
1267 995 1342 1060 Non

219 1099 304 1164 enim
334 1098 437 1162 solum
467 1096 614 1164 versibus
645 1118 726 1182 quos
756 1098 894 1182 legimus
921 1097 954 1162 in
982 1098 1095 1163 ultima
1117 1097 1342 1182 Ephemcridis

219 1207 311 1284 parte
335 1200 416 1283 (Bip.
438 1220 469 1283 p.
492 1203 544 1276 60)
1071 1274 1077 1284 ,

283 1324 311 1367 v.
335 1305 460 1367 34-36
487 1309 533 1366 Ite
547 1324 609 1382 per
631 1308 765 1383 cotiones
786 1311 875 1384 coeti,
897 1313 977 1370 molo
999 1310 1126 1381 comato,
1148 1307 1272 1368 mundos

491 1411 662 1486 Irreqaioto
684 1413 754 1487 aopi
775 1429 836 1486 qua
857 1413 982 1487 difflant
1001 1411 1104 1472 audito
1125 1409 1216 1470 atmtt

456 1500 460 1509 ’
488 1513 625 1574 Lunares
646 1515 778 1576 habitato
793 1517 899 1590 polos,
1072 1520 1075 1525 ’

220 1613 254 1678 in
278 1609 394 1695 quibus
417 1631 548 1696 prorsus
571 1611 685 1678 cadem
708 1612 869 1678 sententia
891 1617 1125 1696 expresseram,
1148 1616 1252 1676 metito
1266 1629 1343 1676 oon-

221 1715 379 1798 firmatum
402 1714 461 1779 sed
477 1715 548 1798 jam
570 1734 628 1799 per
651 1735 687 1780 se
710 1721 821 1780 tumtun
843 1714 876 1778 in
891 1713 977 1778 hunc
991 1713 1098 1778 iocum
1112 1733 1178 1778 non
1197 1712 1343 1796 quadrat

221 1816 466 1900 Oppositicucm
488 1817 574 1882 enim
596 1817 680 1883 inter
701 1818 837 1884 lacteam
860 1819 932 1901 puri
955 1816 1038 1882 caeli
1061 1815 1206 1881 semitam
1226 1819 1258 1879 ct
1272 1835 1345 1898 pro·

220 1920 308 1984 xiura
329 1920 428 1986 verba
450 1939 523 1986 esse
537 1927 635 2004 poeta
649 1920 765 2004 voluit3
787 1920 919 1985 minime
938 1927 1046 1984 autem
1061 1919 1195 2001 lumina,
1218 1917 1348 1984 etiamsi-

221 2041 307 2104 vaga
330 2021 489 2103 dicantur,
521 2041 562 2084 ne
590 2021 636 2086 sic
664 2022 794 2104 quidem
822 2022 942 2107 opponi
969 2029 1105 2104 possunt
1132 2041 1213 2106 puro
1238 2021 1344 2086 caclo:

222 2123 275 2190 cui
297 2124 417 2208 optime
440 2122 612 2207 opponitur
632 2123 722 2207 regio
744 2125 841 2189 lunae
865 2123 972 2188 multis
1001 2131 1032 2188 et
1057 2123 1202 2190 tristibus
1224 2122 1344 2187 nubilis

222 2227 362 2309 impleta.
406 2225 513 2290 Etiam
540 2237 677 2292 ventosae
704 2226 899 2310 adjectivum
922 2226 971 2292 sie
993 2231 1116 2290 tantum
1142 2232 1229 2292 recte
1252 2245 1345 2292 suum
1400 2269 1409 2280 .

222 2330 328 2394 lucum
353 2329 483 2394 obtinet

307 2438 447 2512 Epressto
471 2453 499 2497 v.
522 2436 550 2496 2.
574 2436 592 2496 3
617 2429 699 2515 (Bip.
721 2453 753 2515 p.
777 2431 849 2516 58):

545 2540 684 2610 Quamvis
704 2542 778 2600 sotis
800 2557 951 2616 nunquam
974 2542 1020 2600 rei

541 2644 611 2703 Ftot
624 2648 758 2718 precatu
779 2645 900 2706 numini.

224 2739 279 2804 Sic
301 2738 472 2806 ediderunt
493 2740 615 2812 Tollius
639 2747 670 2807 et
692 2743 855 2826 Floridus,
883 2741 1038 2824 Gronovii
1065 2741 1258 2807 seutentiam
1281 2760 1346 2804 am-

223 2842 324 2925 plexi:
361 2843 389 2908 V
419 2849 480 2906 reis
511 2851 543 2908 et
571 2851 699 2908 numinis
727 2847 869 2930 praebet.
924 2847 1036 2912 Illam·
1053 2851 1161 2910 autem
1192 2841 1346 2908 Gronovii

223 2945 432 3012 mutationem
455 2964 519 3009 nou
542 2945 803 3012 emendationem
831 2967 904 3012 esse
931 2953 1021 3030 puto,
1053 2967 1125 3010 cum
1155 2945 1202 3010 sic
1233 2944 1347 3008 saltem

222 3067 356 3131 prorsus
379 3047 444 3112 alia
466 3046 584 3112 evadat
607 3048 774 3113 sententia.
825 3050 909 3113 Nam
938 3050 966 3115 si
989 3049 1172 3114 Gronovius
1194 3048 1348 3129 interpre-

222 3154 323 3216 tatur:
347 3150 517 3232 „quamvis
540 3150 663 3215 numini
687 3149 756 3216 sive
779 3150 841 3216 deo
863 3172 1028 3236 nunqnam
1051 3149 1189 3217 satisfiat
1214 3156 1348 3233 precatu

223 3251 304 3334 rei‚“
328 3251 362 3318 id
385 3253 432 3318 sic
454 3251 662 3337 intellegitur,
685 3254 779 3337 quasi
802 3253 882 3321 deus
900 3255 995 3320 nimis
1013 3253 1149 3340 cupidus
1165 3252 1348 3318 citreorum

222 3353 433 3438 precationis;
464 3353 561 3420 immo
588 3375 666 3420 vero
694 3355 757 3421 hoo
784 3362 882 3440 poeta
902 3356 1018 3423 dicere
1039 3356 1153 3439 voluit,
1184 3373 1347 3437 uunquam

223 3454 371 3522 homines
408 3463 518 3540 utpote
554 3477 628 3522 reos
660 3458 739 3522 satis
774 3460 908 3522 multum
943 3479 1042 3542 posse
1081 3458 1176 3522 deum
1213 3456 1348 3541 precari.

224 3557 379 3642 Suspicor
401 3558 498 3640 igitur
519 3559 553 3622 in
575 3581 726 3638 nunquam
749 3559 907 3624 vocabulo
929 3560 1026 3624 etiam
1043 3581 1063 3624 o
1078 3559 1348 3644 praepositionem

222 3660 325 3728 latare
357 3660 463 3740 (facile
494 3661 592 3744 enim,
625 3680 696 3724 cum
725 3661 924 3744 compendiis
951 3663 1071 3728 librarii
1100 3668 1277 3744 uterentur,
1293 3663 1368 3725 'ex'

223 3765 328 3846 cando
364 3783 429 3830 una
457 3771 581 3828 tautum
618 3761 738 3828 lineola
767 3764 932 3848 paululum
963 3763 1004 3830 dc
1032 3765 1109 3831 sede
1140 3784 1200 3830 sua
1226 3768 1349 3828 remota

223 4059 251 4108 in
269 4058 378 4108 Ausonii
397 4057 476 4109 verba
494 4058 593 4108 illatum
611 4072 677 4108 esse:
705 4057 781 4110 facile
805 4063 890 4108 nutem
911 4058 965 4108 tieri
988 4064 1101 4122 poterat,
1127 4064 1155 4106 ut
1178 4057 1298 4108 librarius
1321 4059 1349 4110 in

225 4143 392 4194 describendo
411 4142 492 4192 oculis
511 4143 543 4190 ad
563 4159 648 4192 versus
668 4143 700 4192 39
722 4144 823 4193 initium
841 4141 981 4203 (semitono)
999 4144 1129 4194 aberraret
1147 4143 1279 4194 atramina
1300 4159 1348 4210 pro

224 4236 306 4290 octos,
326 4229 395 4292 qnod
413 4234 518 4291 propter
536 4229 649 4278 notionis
667 4229 858 4278 similitudinem
870 4243 923 4278 non
943 4228 1061 4292 offendit,
1079 4228 1249 4292 substituerit;
1268 4246 1348 4294 porro

223 4331 245 4364 v.
266 4313 295 4362 st
317 4329 360 4363 nec
378 4311 478 4362 arcanis
497 4327 545 4375 pro
564 4329 606 4361 nec
625 4313 722 4371 cornis,
747 4329 769 4362 v.
788 4313 821 4363 80
839 4321 894 4363 nate
912 4329 960 4378 pro
980 4311 1073 4364 Christe
1090 4315 1230 4364 secundnm
1248 4315 1271 4363 V
1289 4315 1348 4366 libri

224 4399 403 4450 auctoritatem
420 4399 577 4450 mutaverim.
