3234 4932
292 1699 392 1801 Latet
408 1735 514 1801 adbuc
529 1736 612 1802 inter
627 1742 741 1821 poetas
755 1737 888 1803 Latinos
905 1737 1065 1804 interioris
1080 1739 1196 1804 aetatis
1211 1739 1325 1822 paucis

202 1844 324 1904 tantum
347 1845 442 1903 notus
466 1858 526 1904 uec
548 1839 681 1904 multum
700 1846 856 1905 tractatus
871 1839 992 1906 Decius
1007 1839 1145 1923 Magnus
1160 1840 1326 1906 Ausonius

202 1940 456 2024 Burdigalensis‚
479 1941 547 2025 qui,
571 1941 718 2023 quamvis
741 1941 775 2006 in
798 1941 990 2024 optimorum
1008 1948 1176 2026 poetarum
1192 1962 1325 2008 numero

202 2062 266 2106 non
288 2041 457 2108 habendus
480 2043 536 2127 sit,
559 2053 755 2108 tamennon
778 2045 881 2109 solum
905 2051 1035 2128 propter
1051 2044 1326 2128 jucundissimum

202 2143 331 2208 dicendi
346 2164 450 2227 genus
467 2165 683 2228 magnamque
700 2145 874 2210 carminum
892 2146 1094 2228 suavitatem,
1111 2144 1170 2210 sed
1185 2145 1326 2210 maxime

201 2251 332 2330 propter
361 2246 586 2312 admirabilem
614 2267 710 2330 quam
739 2247 796 2312 illa
827 2247 975 2312 redolent
1002 2247 1178 2312 doctrinam
1190 2249 1214 2324 1)
1241 2267 1325 2312 sum-

202 2369 353 2432 mumque
391 2348 512 2432 ingenii
547 2369 683 2415 acumen
720 2349 931 2432 dignissimus
963 2357 1025 2432 est,
1063 2348 1117 2432 qui
1149 2348 1326 2415 studiosius

201 2458 361 2518 tractetur.
415 2451 485 2530 Quo
513 2459 621 2517 autem
651 2447 781 2534 saepius
810 2451 1042 2516 recentissimis
1072 2451 1269 2534 temporibus
1291 2451 1325 2516 id

202 2552 271 2618 lieri
293 2553 397 2620 solere
419 2553 580 2637 videmus,
607 2559 643 2618 ut
664 2554 763 2619 multo
789 2552 891 2636 major
915 2552 1096 2618 criticorum
1118 2573 1195 2636 pars
1220 2572 1325 2618 emen·

202 2655 320 2722 dandis
343 2656 390 2721 eis
413 2655 617 2739 antiquitatis
646 2656 857 2740 scriptoribus
886 2675 1013 2721 omnem
1041 2675 1171 2738 operam
1199 2661 1327 2740 navent,

202 2757 256 2840 qui
279 2758 549 2840 praestantissimi
571 2759 710 2842 ideoque
733 2758 891 2826 notissimi
913 2764 1000 2842 sunt,
1023 2777 1062 2824 eo
1083 2757 1185 2840 magis
1209 2777 1326 2841 operae

200 2859 336 2942 pretium
366 2879 440 2925 esse
470 2860 608 2945 videtur,
641 2861 737 2926 etiam
767 2861 801 2925 in
827 2858 990 2926 inferioris
1019 2861 1135 2926 aetatis
1167 2867 1326 2944 auctores,

202 2962 257 3044 qui
279 2961 383 3028 miuus
407 2962 473 3028 noti
496 2969 570 3028 sunt
592 2983 791 3047 quorumque
814 2962 942 3046 plurimi
964 2963 1043 3028 artis
1061 2961 1189 3027 criticae
1205 2960 1325 3026 auxilio

202 3063 298 3128 valde
321 3072 429 3148 egent,
452 3065 636 3130 accuratius
658 3065 829 3148 inquirere.

286 3166 423 3232 Ausonii
439 3167 536 3250 igitur
551 3167 682 3250 scripta,
704 3166 747 3231 ad
768 3186 853 3250 quae
869 3165 1073 3231 emendanda
1088 3167 1149 3233 bac
1166 3186 1325 3232 commen-

202 3266 324 3332 tatione
355 3268 478 3352 aliquid
505 3270 679 3335 collaturus
710 3290 792 3352 sum,
823 3289 887 3333 uno
919 3269 1074 3333 Mosellae
1104 3269 1245 3334 carmine
1274 3289 1327 3333 ex·

205 3373 333 3454 ceptoe)
355 3370 432 3436 inde
454 3373 494 3437 ab
518 3377 703 3437 ann01730
727 3371 756 3438 h.
779 3391 806 3436 e.
829 3372 870 3436 ab
894 3371 1034 3437 editione
1055 3371 1177 3436 Juliani
1196 3371 1328 3455 Floridi,

203 3493 299 3554 quam
327 3472 474 3538 loannes
496 3473 642 3556 Baptista
665 3473 852 3539 Souohaeus
876 3471 1057 3555 (Souclray)
1081 3491 1153 3536 eum
1182 3471 1327 3538 animad-

202 3573 406 3640 versionibus
437 3574 504 3640 suis
534 3574 590 3639 illo
618 3595 705 3639 anno
735 3576 767 3638 in
798 3574 962 3656 publicum
993 3571 1123 3656 prodire
1141 3572 1254 3658 jussit,
1285 3595 1326 3640 ne

274 3815 294 3878 ¹)
313 3816 354 3868 cf.
373 3817 457 3866 Elium
472 3815 591 3864 Vinctum
610 3816 636 3864 in
652 3816 709 3865 edit.
729 3831 751 3864 a.
775 3815 839 3864 leot
858 3795 964 3880 praelat.
984 3815 1047 3865 haec
1066 3814 1205 3864 dicentem:
1224 3813 1326 3864 Nullum

203 3901 334 3950 Ausonius
352 3901 514 3966 disciplinam
531 3901 673 3963 ignoravit;
693 3917 781 3951 omncs
797 3902 905 3950 Latinos
919 3901 1082 3963 Graecosque
1100 3901 1244 3963 scriptores,
1262 3914 1326 3962 quo·

204 4002 258 4036 rum
277 3986 360 4050 major
378 4002 437 4050 pars
454 3986 592 4047 intercidit,
616 3987 649 4034 ud
667 4001 779 4050 unguem
798 3987 875 4035 novit
921 3985 989 4035 Hinc
1011 3986 1038 4034 in
1056 3985 1110 4048 ejus
1128 3984 1227 4048 scriptis
1246 3985 1325 4034 multa

203 4087 229 4121 se
247 4071 358 4120 ostendit
375 4081 399 4121 et
417 4072 487 4122 varia
505 4072 628 4132 eruditio,
651 4079 678 4122 ut
701 4072 781 4121 cuivis
804 4071 900 4134 legonti
919 4085 971 4120 non
989 4070 1073 4119 statim
1092 4077 1186 4132 queunt
1204 4069 1324 4134 intellegi.

271 4155 291 4218 ²)
318 4155 427 4206 Multum
452 4156 512 4206 hnic
538 4157 646 4206 carmini
669 4156 828 4206 emendando
852 4155 950 4221 proluit
974 4155 1021 4204 Ed.
1039 4153 1214 4216 Boeckingius
1238 4169 1325 4204 recen-

203 4243 299 4292 tissime
326 4239 425 4302 (tertia)
452 4242 574 4292 Mosellae
600 4241 711 4292 editione
738 4241 895 4305 amplissimo
922 4247 1048 4304 apparatu
1080 4240 1169 4289 critico
1193 4239 1325 4300 instructa,

202 4327 230 4378 in
249 4325 426 4388 „Jahrbticher
448 4327 490 4378 des
513 4327 622 4378 Vereins
645 4341 695 4376 ron
719 4325 1001 4376 Altcrthnmstreunden
1023 4325 1059 4374 im
1082 4323 1255 4374 Rheinlaude¹⁶
1274 4324 1324 4374 rol.

203 4411 266 4474 vn,
287 4408 359 4462 tulo.
