3234 4932
686 253 898 315 „33-

233 440 312 526 quid
332 439 393 508 sibi
416 439 517 507 velint
537 437 650 504 verba:
672 443 766 504 Samii
779 444 958 506 Lucumonis
980 460 1118 518 acumen,
1140 436 1234 504 faeile
1257 459 1354 524 appa·

232 544 327 629 rebit,
356 542 397 627 si,
424 562 508 627 quae
530 540 732 626 grammatici
754 548 879 609 veteres
902 541 1052 626 afferunt,
1083 562 1269 626 sequemur:
1301 541 1356 627 qui

233 645 362 731 quidem
397 646 601 711 Lucumones
638 644 787 728 insanos,
825 643 952 712 Samios
989 648 1101 710 aeutos
1132 663 1205 710 esse
1236 643 1356 710 dieunt.

128 770 130 773 ’
231 751 290 816 Est
312 769 387 832 erga
410 754 540 814 Lucumo
563 753 679 812 Samius
702 767 879 832 oxymoron
902 747 989 831 quod
1016 746 1139 832 dieunt,
1170 768 1233 831 qua
1260 753 1355 833 poeta
1402 796 1408 802 -

232 851 329 918 utitur
351 850 395 917 ad
417 849 630 917 deridendum
650 848 825 916 Theonem.
869 849 918 914 Ex
941 847 988 916 eis
1010 849 1118 934 igitur,
1149 870 1234 935 quae
1256 870 1355 934 supra

232 953 312 1038 dixi,
333 952 386 1019 hie
408 953 499 1020 loeus
521 953 569 1020 sie
591 950 815 1018 emendandus
838 961 902 1020 est:

384 1062 516 1124 &illitae
538 1062 635 1122 decies
655 1062 682 1120 ai
704 1077 759 1122 eor
773 1061 920 1138 perperis
942 1067 1027 1123 aceto

386 1165 600 1242 Anticyrasqae
622 1162 718 1239 bibas,
741 1163 835 1225 Samii
855 1165 1034 1226 Lucumone
1056 1181 1188 1227 eeumea

691 1385 894 1394 ————-.—

317 1536 407 1602 Haec
429 1535 599 1621 potissima
621 1537 770 1621 exempla
793 1536 870 1604 mihi
892 1536 963 1604 visa
985 1542 1070 1622 sunt,
1093 1537 1179 1604 unde
1201 1537 1355 1604 Vossiani

231 1638 306 1704 libri
337 1637 558 1704 auctoritatem
591 1639 633 1704 ad
662 1639 840 1706 Ausonium
874 1639 1110 1708 emendandum
1139 1661 1204 1708 non
1235 1641 1354 1708 nullius

233 1740 386 1807 momenti
408 1760 482 1808 esse
504 1749 675 1826 appareat:
697 1741 834 1808 frustula
849 1749 972 1808 tanturn
988 1748 1074 1828 sunt,
1097 1742 1225 1828 quibus,
1248 1743 1275 1808 si
1292 1743 1355 1810 deo

231 1845 353 1929 piacet,
374 1843 480 1909 futuro
496 1850 639 1929 ternpore
655 1845 721 1910 alia
737 1844 870 1929 addam,
892 1854 939 1930 ut,
962 1845 1137 1930 siquando
1153 1848 1194 1912 ab
1210 1847 1354 1913 aeutiore

232 1946 363 2028 ingenio
396 1945 505 2010 omnia
535 1945 632 2028 hujus
663 1947 934 2032 praestantissimi
961 1955 1078 2034 poetae
1114 1970 1213 2036 opera
1247 1969 1354 2018 emen-

233 2046 361 2113 datiora
383 2046 415 2111 in
442 2048 546 2113 lucem
576 2048 766 2133 prodierint,
796 2049 919 2133 aliquid
946 2051 1060 2116 saltem
1088 2051 1151 2118 hue
1180 2052 1355 2120 eontulisse

232 2148 335 2214 videri
357 2148 487 2234 possim.
