3234 4932
736 187 948 252 „32-

280 383 358 463 apta
381 382 446 444 cst:
469 397 554 463 nam,
577 375 663 462 quod
685 373 803 442 adhoc
819 374 954 442 alterum
971 373 1092 460 attinet,
1113 373 1275 442 Ausonius
1293 373 1401 441 dicere

281 480 350 548 vult
372 502 438 546 non
460 501 587 565 revera,
618 478 676 546 sed
706 477 939 564 propemodum
962 478 1098 544 candem
1121 485 1260 544 aetatem
1284 475 1345 543 sibi
1372 482 1403 544 et

279 583 364 668 patri
388 603 470 649 esse.
516 582 640 661 Quibus
663 580 768 650 verbis
792 580 880 647 solus
897 580 1030 647 Vinctus
1054 601 1072 647 e
1091 583 1122 648 V
1143 581 1224 646 libro
1249 579 1402 644 auxilium

279 685 406 772 petivit:
437 686 515 771 quid
537 691 643 751 autem
667 683 816 750 duillius
839 683 997 768 scriptura
1014 683 1223 768 judicaverit,
1254 682 1309 749 vix
1330 703 1402 767 pos-

281 809 352 854 sum
375 789 519 872 assequi,
543 808 614 854 oum
635 787 669 852 in
684 793 772 853 textu
788 806 882 869 quem
899 785 1009 852 dicunt
1023 809 1084 854 uon
1099 808 1156 872 pro
1173 799 1260 866 atquc
1276 785 1402 869 scribat,

280 891 314 955 in
337 889 600 956 adnotationibus
624 896 730 956 autem
753 895 841 974 Bam,
863 888 896 952 in
919 909 982 973 quo
1004 912 1075 955 uum
1096 890 1196 956 latere
1216 888 1401 976 suspicetur,

280 991 354 1058 libri
385 991 575 1077 scripturam
606 1011 679 1058 esse
712 992 856 1058 affirmet.
908 992 956 1058 Ac
987 1012 1101 1058 revera
1131 993 1195 1058 tale
1231 989 1308 1075 quid
1342 1011 1402 1075 ego

283 1115 412 1179 quoquc
436 1096 469 1160 in
492 1095 574 1162 libro
598 1095 787 1162 excutiendo
810 1095 927 1180 inveni,
950 1094 1011 1162 nisi
1036 1095 1122 1178 quod
1144 1093 1276 1160 initialis
1298 1093 1406 1160 littera

283 1219 349 1286 non
377 1199 402 1262 B
431 1198 489 1265 scd
516 1200 542 1263 P
568 1198 647 1264 mihi
675 1218 748 1288 esse
775 1197 846 1264 visa
878 1204 934 1264 cst.
987 1197 1141 1282 Suspicor
1171 1197 1269 1282 igitur
1293 1217 1405 1281 pocae,

283 1320 380 1384 quam
412 1301 602 1387 particulam
635 1300 799 1366 Ausonius
831 1298 1004 1366 adamasse
1040 1299 1178 1385 videtur,
1212 1300 1247 1366 in
1278 1298 1404 1366 traditis

281 1402 396 1470 litteris
419 1403 536 1471 latere:
559 1403 645 1487 quod
669 1403 798 1487 quidem
823 1402 942 1490 optime
965 1401 1113 1470 convenit
1136 1423 1208 1468 cum
1223 1408 1292 1470 tota
1306 1399 1404 1485 hujus

279 1505 341 1571 loci
366 1507 532 1573 sententia.

369 1608 459 1674 Alter
489 1610 580 1676 locus
613 1617 662 1676 est
693 1631 721 1674 v.
752 1613 793 1675 26
826 1609 970 1692 ejusdem
1005 1608 1172 1694 carminis,
1208 1608 1263 1674 ubi
1294 1627 1405 1674 omues

282 1718 411 1796 praeter
432 1712 571 1778 Tollium
596 1711 754 1778 editores:
787 1723 885 1793 totque
908 1723 1019 1792 potore
1041 1733 1132 1792 mem,
1161 1721 1231 1791 quot
1252 1733 1323 1778 reor
1346 1733 1407 1777 esso

283 1825 346 1879 tuos
369 1814 530 1881 exhibent.
573 1813 764 1882 Rectissime
792 1822 899 1882 autem
927 1813 1051 1880 Tollius
1074 1814 1102 1878 V
1130 1813 1203 1880 libri
1231 1813 1406 1898 scripturas

282 1937 415 2001 prorsus
448 1917 642 1983 contrarias:
674 1928 771 1998 totque
798 1929 913 2000 putore
945 1928 1009 1984 tuos
1040 1928 1112 1997 quot
1140 1938 1211 1984 reor
1238 1937 1300 1982 esse
1327 1940 1406 1983 meos
1533 1935 1535 1940 ·

283 2018 412 2104 recepit.
465 2021 608 2106 Apparet
635 2021 719 2088 enim
746 2021 780 2086 id
808 2020 916 2087 dicore
938 2021 1020 2086 velle
1043 2027 1189 2104 poetam:
1223 2039 1317 2104 „ego,
1350 2019 1404 2104 qui

287 2141 430 2188 meorum
447 2143 602 2188 annorum
620 2144 785 2190 numerum
802 2123 878 2209 scio,
894 2130 1018 2190 tuorum
1036 2122 1162 2208 ignoro,
1177 2130 1253 2208 puto
1270 2129 1316 2190 tot
1332 2143 1405 2189 esse

284 2232 357 2292 tuos
380 2245 495 2300 annos,
521 2233 597 2310 quot
621 2228 688 2292 scio
705 2247 794 2293 meos
811 2231 913 2294 esse“.
944 2226 1016 2305 Qua
1035 2227 1069 2291 in
1086 2246 1121 2292 re
1140 2225 1247 2291 omnia
1263 2225 1405 2311 pendere

284 2327 362 2392 mihi
390 2327 539 2393 videntur
573 2328 614 2394 ab
645 2348 697 2416 ea,
729 2349 812 2412 quae
836 2340 909 2410 puto
938 2337 970 2396 et
1000 2351 1071 2396 reor
1101 2328 1208 2394 verbis
1238 2327 1405 2394 tribuenda

284 2431 339 2514 sit,
370 2428 508 2497 notione.
562 2430 642 2498 Cum
670 2433 767 2517 igitur
793 2455 865 2499 reor
891 2433 980 2501 vocis
1008 2433 1057 2499 vis
1082 2437 1167 2498 certe
1189 2437 1292 2515 major
1314 2429 1355 2498 sit
1378 2436 1409 2496 et

286 2532 399 2598 eadem
422 2533 489 2598 lere
513 2539 610 2618 atque
632 2559 809 2603 numerare:
836 2536 913 2604 inde
936 2533 1076 2602 dilucide
1099 2532 1246 2613 efficitur,
1274 2539 1309 2598 ut
1330 2531 1409 2599 Vos·

286 2634 372 2701 siani
395 2634 552 2719 scriptura
573 2638 669 2722 longe
692 2645 843 2723 praestet

369 2737 443 2802 Jam
475 2739 660 2805 accedimus
693 2741 736 2806 ad
767 2742 894 2809 tertium
927 2745 958 2808 et
988 2741 1134 2807 ultimum
1164 2741 1282 2824 locum,
1314 2758 1410 2824 quem

284 2840 420 2924 legimus
444 2841 535 2926 epist.
559 2841 605 2908 IV
627 2864 676 2910 vv.
700 2849 739 2911 69
764 2853 795 2912 et
818 2851 871 2931 70,
899 2844 953 2910 ubi
975 2851 1072 2929 poeta
1094 2843 1256 2908 Theonem
1284 2842 1410 2908 acerbis

285 2944 412 3010 lucetiis
435 2944 547 3010 irridet
568 2954 699 3030 propter
722 2947 894 3014 stultitiam.
927 2946 1046 3013 Omitto
1069 2967 1166 3030 nunc,
1189 2946 1289 3012 multa
1311 2946 1411 3013 verba

285 3047 392 3112 facere
424 3046 465 3112 de
494 3047 594 3116 variis
625 3069 708 3132 quae
739 3049 780 3116 de
809 3050 859 3117 his
888 3050 1036 3116 versibus
1065 3048 1212 3132 proditae
1240 3054 1314 3115 sunt
1340 3067 1410 3113 sen·

287 3149 395 3215 tentiis
434 3150 623 3236 plerumque
654 3151 789 3238 ineptis:
827 3153 959 3220 afferam
997 3157 1120 3218 tantum
1150 3150 1178 3215 V
1207 3150 1281 3216 libri
1311 3149 1409 3233 scrip·

288 3260 391 3337 turas,
414 3251 446 3316 in
471 3253 587 3336 quibus
610 3255 780 3339 aptissima
802 3254 898 3338 hujus
921 3255 983 3321 loci
1006 3262 1071 3321 tarn
1095 3273 1194 3337 saepe
1217 3251 1325 3320 vexati
1347 3271 1410 3318 me·

288 3354 396 3420 diuina
417 3354 509 3424 latet:
1069 3429 1070 3433 ,

461 3464 577 3529 Seilltto
601 3469 700 3530 decies
720 3470 747 3529 si
768 3485 823 3529 cor
838 3469 985 3545 perperis
1007 3473 1091 3528 cocto

463 3570 666 3646 antistitesque
688 3574 781 3633 vivum
802 3573 890 3632 sumit
912 3573 1075 3632 lucumonis
1097 3584 1231 3630 amntem.

291 3665 339 3730 Ac
362 3663 499 3749 primum
522 3675 627 3734 scillite
652 3677 701 3736 est
723 3690 811 3735 error
833 3669 968 3754 librarii,
992 3667 1047 3753 qui
1068 3669 1208 3734 tortasse
1235 3665 1414 3751 ignorabat,

289 3766 374 3833 hanc
395 3787 508 3834 vocem
531 3791 683 3854 graecum
704 3772 938 3840 substantivum
954 3792 1026 3838 esse
1042 3793 1058 3836 c
1072 3770 1178 3837 littera
1193 3768 1414 3853 terminatum,

291 3869 408 3936 deinde
431 3891 459 3940 v.
477 3880 516 3941 70
533 3883 626 3940 uiuum
648 3877 699 3943 rel
721 3877 827 3959 potius
850 3881 915 3943 viuri
937 3874 1016 3940 nihil
1038 3873 1128 3939 aliud
1143 3880 1192 3940 est
1209 3893 1303 3957 quam
1321 3875 1413 3948 bibus,

290 3981 383 4066 cujus
406 3979 495 4048 vocis
516 4004 531 4045 ε
552 3979 658 4046 littera
679 3986 810 4067 propter
833 3984 1020 4062 sequentem
1042 4000 1057 4041 s
1077 3977 1216 4044 litteram
1240 3994 1415 4060 suppressa

291 4091 348 4152 est.
394 4085 428 4152 Si
450 4104 527 4150 vero
551 4088 636 4150 bibus
657 4090 744 4148 recte
766 4082 947 4148 restituisse
969 4079 1067 4164 ‚nobis
1090 4079 1249 4161 videmur,
1279 4085 1346 4142 turn
1372 4077 1416 4160 id,

292 4187 378 4270 quod
400 4186 628 4272 praecesserit,
650 4185 783 4253 verbum
800 4203 840 4249 ex
855 4183 1068 4269 Ugoletianae
1084 4181 1236 4248 editionis
1257 4179 1416 4265 scriptura

293 4289 399 4375 colligi
431 4296 552 4376 potest,
584 4309 668 4384 quae
701 4295 925 4370 annorumque
956 4290 1043 4352 bibus
1072 4284 1214 4369 praebet.
1267 4282 1416 4366 Denique
