3234 4932
709 274 935 341 .·-16-

351 454 400 520 Ac
421 454 529 522 statim
551 454 642 520 initio
666 455 882 539 ephemeridis
903 456 993 522 loeus
1014 456 1108 522 nobis
1124 457 1269 540 occurrit
1293 475 1388 538 quern

265 555 366 622 Vsic
389 557 536 624 exhibet:
579 562 652 624 v.6

826 665 876 725 tior·
898 682 993 726 causa
1013 667 1121 736 somni,

553 770 645 828 malta
667 771 749 842 quod
764 776 856 842 petar
877 769 1028 842 nimioque
1052 770 1146 828 tendis

716 872 798 930 Mole
818 873 969 948 napinam,

264 985 348 1049 quae
370 967 469 1033 verba
493 967 632 1043 editores
656 967 726 1034 siue
748 968 815 1032 ulla
838 965 1038 1032 dubitatione
1058 975 1256 1052 receperunt.
1293 968 1387 1046 Quod

264 1068 370 1136 miror.
404 1069 539 1136 Exsistit
562 1069 645 1136 enim
670 1069 831 1153 quaestio,
859 1068 936 1152 quid
962 1070 1126 1152 „saginam
1149 1070 1301 1138 tendere“
1325 1072 1387 1136 sibi

262 1170 348 1236 velit.
393 1172 580 1246 Souohaeus
602 1172 701 1256 igitur
723 1171 770 1236 sic
793 1178 1051 1254 argumentatur:
1077 1173 1123 1251 „si
1138 1173 1305 1238 Juvenalis
1329 1181 1387 1240 sat.

263 1272 308 1336 IV
331 1294 360 1338 v.
384 1279 423 1338 67
448 1273 556 1340 dicere
578 1274 698 1359 potuit:
722 1275 866 1357 Propera
889 1272 1089 1340 stomachum
1104 1275 1223 1340 iaxare
1247 1276 1387 1360 saginis3

263 1393 320 1440 cur
340 1376 487 1442 Ausonio
509 1396 569 1461 per
592 1375 827 1462 oppositionem
852 1375 959 1441 dicere
982 1396 1047 1440 non
1069 1377 1172 1442 licuit:
1199 1377 1298 1440 nimia
1319 1385 1387 1442 ten·

263 1476 313 1543 dis
337 1479 421 1544 mole
444 1479 637 1563 saginam?“
675 1477 766 1556 Quae
790 1477 1028 1560 argumentatio
1052 1499 1148 1560 quam
1171 1499 1322 1563 perversa
1337 1481 1387 1564 sit,

263 1579 367 1662 quivis
390 1580 495 1647 videt:
525 1581 651 1648 accedit
673 1587 793 1664 autem,
816 1580 902 1663 quod
925 1581 1082 1646 stomachi
1105 1582 1192 1647 notio
1219 1582 1252 1646 in
1279 1590 1387 1661 rupina

262 1701 343 1748 voce
366 1682 497 1750 minime
520 1685 619 1768 inest3
643 1683 701 1750 sed
724 1684 794 1748 sola
817 1684 858 1748 de
881 1704 945 1766 qua
966 1683 1115 1750 hocloco
1131 1684 1266 1768 cogitari
1281 1691 1387 1768 potest

262 1784 351 1851 notio
368 1792 418 1852 est
434 1786 671 1869 crassitudinis,
694 1793 728 1852 ut
743 1785 858 1850 Justin.
875 1789 911 1850 21
932 1805 1000 1868 cap.
1017 1791 1035 1848 2
1052 1785 1221 1867 „saginam
1242 1788 1386 1872 eorporis

263 1907 304 1951 ex
318 1887 419 1952 nimia
433 1888 561 1953 luxuria
577 1889 770 1970 ocnt1·auit“;
795 1893 833 1954 38
851 1907 920 1971 cap.
937 1893 955 1956 8
980 1888 1114 1971 „sagina
1131 1889 1251 1954 ventris
1274 1889 1390 1956 beluae

261 1988 405 2056 similis.“
451 1989 556 2067 Quam
580 1989 708 2074 quidem
731 1990 881 2056 Floridus
905 1991 1072 2074 amplexus
1100 1998 1162 2073 est,
1195 2011 1266 2056 cum
1294 1991 1389 2058 inter·

261 2099 421 2176 pretatur:
455 2093 635 2169 „dictandis
663 2093 808 2160 arvinam
840 2093 873 2158 in
902 2091 1033 2158 nimiam
1062 2091 1263 2160 crassitiem
1292 2101 1389 2177 atque

261 2193 369 2260 multis
391 2195 516 2261 Boltius
540 2215 670 2280 operam
700 2193 840 2279 perdidit
869 2195 1024 2278 exemplis
1052 2181 1239 2279 afferendiS,
1271 2196 1387 2278 quibus

261 2295 405 2381 doceret,
428 2306 549 2364 tendere
570 2318 628 2382 pro
646 2294 830 2362 distendere
846 2296 898 2361 vel
914 2295 1086 2362 extendere
1101 2305 1289 2381 usurpatum
1306 2318 1387 2382 esse,

260 2397 295 2464 id
318 2400 404 2483 quod
427 2420 521 2466 nemo
544 2398 720 2482 negaverit.
764 2398 884 2464 Neuter
907 2405 1014 2462 autem
1037 2397 1071 2462 id
1095 2405 1198 2484 curat,
1225 2421 1300 2464 num
1323 2422 1386 2465 oru-

261 2502 337 2566 nino
354 2500 430 2570 ferri
445 2502 550 2586 possit
564 2501 645 2568 haec
661 2501 822 2568 sententia
838 2501 1038 2576 „crassitiem
1054 2500 1153 2566 nimia
1168 2504 1252 2568 mole
1269 2503 1387 2568 disten-

261 2603 367 2670 derc.“
420 2604 571 2669 Ferenda
592 2604 735 2687 profecto
764 2624 828 2670 non
856 2611 912 2668 est.
966 2602 1069 2680 Quam
1100 2604 1141 2669 ob
1169 2623 1237 2670 rem
1264 2606 1387 2670 Tollius

258 2705 366 2772 locum
388 2706 558 2772 Plautinae
581 2705 798 2771 Mostellariae
821 2705 843 2787 1,
873 2711 897 2788 1,
922 2710 961 2774 63
986 2706 1119 2783 (Flech.)
1174 2707 1272 2786 „Este
1295 2709 1385 2774 effer-

262 2809 322 2874 cite
344 2829 416 2892 vos,
445 2807 592 2892 saginam
616 2807 772 2890 caedite‚“
797 2807 933 2874 Ausonii
955 2807 1061 2872 animo
1085 2808 1289 2876 obversatum
1314 2831 1386 2876 esse
1506 2811 1509 2814 ’

257 2918 347 2977 ratus
374 2917 472 2976 tendis
495 2910 631 2978 mutavit
652 2909 686 2974 in
709 2916 824 2994 acedia,
847 2919 882 2976 ut
904 2909 1053 2994 saginam
1075 2909 1105 2975 h.
1128 2931 1276 2996 specus
1300 2914 1384 2996 sagi-

258 3019 369 3078 natum
393 3013 529 3079 caedere
551 3012 638 3078 idem
660 3013 784 3078 valeret
810 3020 908 3095 atque
937 3019 1034 3076 edere.
1087 3013 1247 3080 Interesse
1278 3021 1385 3080 autem

259 3113 382 3198 aliquid
397 3114 482 3180 inter
497 3116 579 3203 haee
601 3115 665 3180 duo
689 3116 800 3198 verba,
823 3116 876 3180 vel
900 3134 993 3179 exeo
1015 3124 1165 3200 apparet,
1188 3117 1274 3200 quod
1291 3119 1385 3185 Plau-

260 3222 311 3282 tus
342 3217 362 3281 l.
390 3217 409 3282 l.
441 3225 569 3300 praeter
602 3217 771 3298 „saginam
804 3216 950 3282 caedite“
989 3216 1110 3282 diserte
1148 3220 1244 3284 etiarn
1275 3221 1385 3296 „estc“

259 3317 356 3402 dixit3
380 3319 452 3400 sed,
476 3318 603 3385 etiamsi
625 3317 706 3383 nihil
728 3318 911 3403 interesset,
933 3325 1043 3384 tamen
1058 3327 1150 3386 nimio
1164 3331 1240 3388 mole
1255 3321 1385 3387 ablativi

258 3421 341 3486 male
372 3420 407 3484 in
436 3422 522 3488 huno
553 3423 660 3488 locum
692 3419 896 3504 quadrarent.
948 3421 1025 3486 Mihi
1053 3423 1183 3504 quidem
1210 3424 1320 3488 vitium
1351 3423 1385 3488 in

259 3529 354 3588 iendis
375 3543 456 3590 voce
477 3525 579 3590 latere
600 3523 742 3590 videtur:
773 3523 920 3608 suspicor
947 3522 1032 3588 enim
1060 3524 1142 3590 duos
1170 3526 1244 3592 illos
1265 3525 1384 3592 Justini

257 3624 347 3690 locos
379 3625 525 3692 Ausonio
556 3635 631 3692 ante
663 3628 775 3692 oculos
806 3628 994 3694 obversatos
1025 3647 1111 3713 esse,
1147 3628 1193 3694 ita
1221 3635 1256 3694 ut
1286 3628 1334 3694 sic
1363 3647 1384 3692 a

257 3734 356 3810 poeta
378 3727 533 3812 seriptum
556 3747 629 3795 esse
650 3733 777 3812 putem:

796 3835 862 3896 Tibi
884 3852 980 3896 caasa
1000 3839 1095 3898 somni

484 3939 581 4000 Multo
604 3940 685 4014 quod
699 3943 792 4015 potos
813 3939 965 4014 nimiaque
986 3941 1096 4000 neutris

680 4042 763 4102 Mole
784 4042 901 4114 rupino.

342 4137 492 4221 Intellegi
523 4138 620 4223 igitur
646 4138 717 4220 jam
749 4158 789 4204 ex
818 4135 880 4204 hoc
911 4138 983 4204 loco
1016 4139 1096 4206 satis
1127 4139 1225 4223 plane
1256 4139 1380 4224 poterit,

258 4244 380 4320 quanta
402 4237 522 4306 fiducia
536 4241 671 4306 Vinetus
695 4248 727 4308 et
742 4240 889 4324 Scaliger
905 4241 933 4305 V
949 4240 1071 4307 codicis
1094 4242 1271 4325 scripturas
1294 4261 1381 4310 rece-

256 4339 371 4423 perint.
425 4339 519 4418 Quod
550 4343 647 4407 etiarn
676 4342 781 4427 magis
809 4337 976 4428 apparebit
1006 4343 1039 4408 in
1066 4343 1254 4427 Parecbasi,
1286 4342 1380 4427 cujus
