3234 4932
640 309 850 372 -23-

186 515 259 562 cum
282 494 360 578 quid
383 493 445 560 sibi
467 493 585 560 vellent
606 514 672 559 non
701 493 913 578 intellegeret,
943 493 1038 560 nimis
1064 493 1236 560 artificiose
1262 492 1307 558 ita

184 597 334 662 mutavit:
365 603 488 673 diceris,
515 603 593 662 serie
616 603 719 660 tertius
740 601 893 662 Arbores.
945 597 981 660 ln
1003 596 1175 680 plerasque
1197 602 1305 662 autern

184 699 343 766 editiones
368 720 451 784 quae
474 699 655 766 Vossianus
679 697 776 766 tradit
799 718 902 782 eaque
928 698 976 764 sic
999 697 1153 766 distincta
1175 705 1306 782 recepta

185 811 274 869 sunt:

334 988 337 995 ¹
430 910 608 970 diceresed
628 925 684 969 rec
703 912 752 982 rit,
776 911 878 970 cardus
899 908 1053 970 Arboreos.

184 1007 275 1086 Quae
296 1029 363 1073 non
385 1006 521 1072 ferenda
540 1026 613 1072 esse
628 1016 714 1090 puto.
752 1005 951 1071 Sententiam
968 1005 1097 1090 quidem
1113 1005 1141 1072 si
1156 1005 1305 1071 Floridus

182 1110 267 1176 banc
289 1129 362 1176 esse
384 1110 467 1174 vult:
496 1129 628 1185 „verum
650 1107 754 1192 pietas
777 1127 850 1173 mea
872 1114 997 1174 tenetur
1019 1108 1184 1194 appellare
1206 1108 1305 1174 Arbo·
1405 1151 1411 1161 ·

182 1212 264 1278 rium
285 1213 379 1278 tertio
401 1211 503 1294 loco,“
532 1209 617 1276 hanc
639 1210 736 1276 totius
758 1210 855 1294 hujus
877 1211 940 1276 loci
962 1210 1027 1276 vim
1050 1229 1123 1278 esso
1147 1207 1304 1295 couced03

180 1323 302 1398 tamen,
340 1315 368 1380 si
405 1313 650 1395 grammaticam
688 1318 832 1398 spectas,
871 1312 1000 1378 omnino
1031 1312 1131 1378 latina
1163 1312 1209 1377 sic
1231 1327 1305 1378 ‘non

183 1417 308 1482 dicitur.
352 1415 527 1482 Mutatione
555 1422 663 1482 autem
690 1435 796 1499 paene
818 1414 907 1480 nulla
930 1435 948 1480 e
969 1414 1125 1498 Vossiani
1148 1414 1306 1499 scriptura

182 1539 265 1586 sana
288 1518 397 1584 evadit
418 1519 586 1586 sententia.
646 1517 680 1582 Si
712 1517 797 1582 cuim
820 1516 1017 1602 memineris,
1047 1517 1128 1582 mori
1155 1517 1206 1582 sui
1227 1524 1305 1582 tem-

182 1622 268 1706 poris
290 1622 459 1687 verborum
483 1619 763 1688 distrahendorum
785 1619 950 1684 librarium
972 1619 1000 1683 V
1022 1619 1096 1684 libri
1121 1619 1304 1702 indulsisse,

181 1725 276 1790 facile
298 1723 480 1808 intelleges,
502 1747 518 1787 s
539 1723 676 1790 litteram
698 1723 732 1788 in
753 1734 798 1788 scr
818 1742 898 1787 voce
920 1721 1181 1806 conjungendam
1205 1721 1305 1788 fuisse
1375 1788 1377 1791 ,

182 1847 253 1891 cum
276 1826 481 1910 praecedenti
504 1833 605 1892 dicere
627 1827 795 1892 vocabule.
833 1825 926 1902 Quod
942 1823 1121 1890 rectissime
1144 1845 1215 1890 meo
1238 1825 1306 1908 qui·

181 1930 254 1996 dem
270 1951 369 1996 sensu
384 1930 508 1996 Tollius
523 1929 697 2014 perspexit,
713 1949 752 1994 ao
767 1947 900 2012 prorsus
916 1927 962 1992 illi
979 1927 1141 1994 assentior
1156 1927 1204 1992 sic
1219 1927 1305 1992 bunc

181 2053 311 2098 uersum
335 2031 536 2097 emendanti:

428 2138 556 2216 Diceris,
579 2144 607 2198 el
627 2155 683 2198 rec
703 2141 751 2213 fii,
774 2139 877 2198 tercius
898 2138 1052 2198 Artorius.

181 2237 353 2302 Neminem
376 2243 497 2320 autem,
519 2235 573 2320 qui
596 2235 729 2300 multum
744 2236 777 2300 in
792 2236 929 2302 Ausonii
946 2234 1141 2302 carminibus
1156 2235 1304 2318 legendis

180 2346 328 2408 versatus
351 2347 412 2424 est,
434 2339 651 2406 nominativus
673 2359 731 2423 pro
755 2339 904 2406 vocativo
927 2330 1037 2406 dictus
1055 2337 1209 2423 offendet,
1232 2359 1304 2406 cum

180 2441 429 2510 innumerabilia
455 2441 552 2526 hujus
580 2440 779 2507 confusionis
806 2441 953 2525 exempla
976 2441 1038 2508 boc
1060 2440 1305 2509 usitatissimum

180 2545 325 2610 Ausonio
357 2545 458 2612 luisse
486 2544 640 2610 doceant:
673 2563 690 2608 e
723 2543 839 2628 quibus
872 2543 1042 2629 potissima
1073 2551 1149 2610 sunt
1178 2545 1306 2612 Parent.

181 2647 273 2711 XVII
294 2669 323 2718 v.
348 2651 386 2713 13
409 2651 619 2714 mentelianus
645 2653 676 2713 et
697 2667 726 2712 v.
751 2639 799 2712 15'
817 2653 920 2728 licque
950 2657 1047 2726 cetus,
1079 2668 1132 2712 cre
1158 2668 1306 2726 cereos-ecs,-

179 2748 264 2814 Prof.
287 2751 339 2814 III
360 2770 388 2814 v.
411 2753 430 2814 9
454 2754 549 2816 bonus
566 2757 671 2831 secter
693 2755 724 2814 et
746 2771 773 2814 v.
799 2753 838 2816 10
860 2760 931 2816 cete
948 2756 1033 2831 pius..

265 2853 372 2918 Locus
395 2871 415 2917 a
438 2852 557 2917 criticis
580 2851 821 2936 vexatissimus,
851 2873 945 2935 quem
972 2851 1098 2918 ratione
1125 2850 1307 2918 Vossianae

180 2954 359 3038 scripturae
381 2953 566 3020 accuratius
581 2953 693 3020 habita
714 2973 818 3037 paene
833 2954 921 3018 nullo
938 2954 1069 3036 negotio
1086 2953 1194 3018 sanari
1209 2973 1306 3037 posse

179 3063 270 3142 puto,
292 3057 344 3122 hic
373 3064 436 3122 est:

264 3160 316 3244 IV,
338 3164 388 3224 25.
412 3163 453 3224 26
476 3165 620 3224 Amissum
639 3165 714 3238 flete
729 3165 905 3239 poeticine
927 3164 1075 3224 decencia
1097 3169 1200 3224 natam

397 3317 401 3322 .
478 3266 608 3327 Saucius
629 3269 746 3327 oclcrcc
769 3267 876 3326 lemine
898 3281 1099 3328 cresceres.

182 3364 235 3430 Sic
259 3364 312 3447 qui
334 3363 362 3427 V
389 3364 504 3429 librum
537 3363 744 3448 inspexerunt
770 3365 925 3448 legerant.
978 3362 1042 3430 Ubi
1070 3362 1215 3444 Scaliger
1243 3362 1305 3446 pui-

180 3489 265 3532 mum
298 3474 385 3534 recte
416 3487 489 3533 mea
521 3466 650 3552 quidem
688 3467 849 3532 sententia
881 3473 954 3546 fleto
986 3466 1118 3532 mutavit
1149 3464 1184 3531 in
1209 3472 1305 3546 flesti;

181 3569 299 3637 deinde
331 3578 449 3636 cclervc
480 3569 515 3635 in
545 3577 609 3634 cele
644 3580 705 3652 tuo,
743 3568 834 3651 cujus
865 3567 1053 3634 mutationis
1090 3568 1176 3634 hanc
1212 3569 1306 3634 affert

180 3673 353 3739 rationem:
386 3671 489 3756 ,ocle,
521 3671 626 3754 ocule,
656 3671 718 3736 boc
745 3677 794 3736 cst
821 3671 950 3736 saucius
974 3671 1086 3736 oculus
1108 3678 1163 3737 tuo
1185 3670 1306 3738 lumine

182 3796 294 3842 cassus
326 3795 408 3841 eras.
439 3772 579 3840 vocandi
610 3793 688 3838 casu
719 3793 777 3856 pro
810 3774 1007 3840 nominativo
1045 3774 1223 3840 Ausonium
1258 3775 1304 3840 uti

182 3897 280 3961 saepo
303 3875 518 3944 ostendemus.
562 3876 743 3960 Tamquam
765 3875 848 3942 filius
871 3883 959 3943 esset
980 3876 1089 3942 lumen
1116 3875 1215 3959 oculi,
1242 3875 1305 3944 hoc

181 3984 231 4044 est
252 3979 384 4062 patris.“
422 3977 516 4058 Quod
531 3998 667 4062 prorsus
683 3978 895 4044 refellendum
916 3986 981 4045 est:
1004 3998 1069 4044 uon
1091 3977 1178 4044 enim
1200 3983 1304 4044 sclum

181 4088 245 4146 ccle
275 4099 420 4164 syncopa
450 4080 537 4144 omni
569 4087 655 4146 caret
686 4081 848 4166 exemplo,
879 4100 989 4146 verum
1019 4081 1116 4146 ctiam
1147 4087 1215 4148 tota
1245 4082 1305 4150 illa

181 4201 265 4267 quac
289 4179 425 4246 efficitur
446 4181 604 4247 sententia
627 4188 692 4248 tam
720 4183 871 4265 quaesita
897 4187 959 4264 est,
990 4182 1105 4248 utrix
1134 4183 1305 4266 quisquam

179 4282 359 4350 Ausonium
385 4283 432 4348 sic
460 4282 652 4367 scripturum
679 4283 781 4350 luisse
807 4283 988 4350 crediderit
1040 4283 1148 4362 Quare
1170 4283 1304 4369 Lipsius

180 4407 238 4470 pro
261 4393 380 4456 oclcrco
403 4384 532 4472 scripsit
563 4407 603 4452 cc
632 4393 729 4470 lesco,
759 4385 805 4451 ita
835 4391 870 4452 ut
895 4386 1024 4452 laevum
1050 4385 1159 4455 lumen
1181 4387 1303 4456 intelle·
