<?xml version="1.0" encoding="UTF-8"?>
<!DOCTYPE html PUBLIC "-//W3C//DTD XHTML 1.0 Transitional//EN"
    "http://www.w3.org/TR/xhtml1/DTD/xhtml1-transitional.dtd">
<html xmlns="http://www.w3.org/1999/xhtml" xml:lang="en" lang="en">
 <head>
  <title>
</title>
<meta http-equiv="Content-Type" content="text/html;charset=utf-8" />
  <meta name='ocr-system' content='tesseract 3.04.00' />
  <meta name='ocr-capabilities' content='ocr_page ocr_carea ocr_par ocr_line ocrx_word'/>
</head>
<body>
  <div class='ocr_page' id='page_1' title='image "./quaestionesauso00axtgoog_0016.png"; bbox 0 0 3234 4932; ppageno 0'>
   <div class='ocr_carea' id='block_1_1' title="bbox 726 344 917 404">
    <p class='ocr_par' dir='ltr' id='par_1_1' title="bbox 726 344 917 404">
     <span class='ocr_line' id='line_1_1' title="bbox 726 344 917 404; baseline -0.01 -16"><span class='ocrx_word' id='word_1_1' title='bbox 726 344 917 404; x_wconf 69' lang='lat'>„7-</span> 
     </span>
    </p>
   </div>
   <div class='ocr_carea' id='block_1_2' title="bbox 253 525 1383 2971">
    <p class='ocr_par' dir='ltr' id='par_1_2' title="bbox 261 525 1383 798">
     <span class='ocr_line' id='line_1_2' title="bbox 261 525 1383 614; baseline 0.002 -22"><span class='ocrx_word' id='word_1_2' title='bbox 261 527 336 592; x_wconf 93' lang='lat' dir='ltr'>inde</span> <span class='ocrx_word' id='word_1_3' title='bbox 359 549 380 592; x_wconf 89' lang='grc'>1</span> <span class='ocrx_word' id='word_1_4' title='bbox 407 527 458 592; x_wconf 85' lang='lat' dir='ltr'>iol.</span> <span class='ocrx_word' id='word_1_5' title='bbox 484 531 544 592; x_wconf 85' lang='lat'>112</span> <span class='ocrx_word' id='word_1_6' title='bbox 566 526 703 592; x_wconf 75' lang='lat' dir='ltr'>Ausonii</span> <span class='ocrx_word' id='word_1_7' title='bbox 725 525 1020 611; x_wconf 79' lang='lat' dir='ltr'>Technopaegnion</span> <span class='ocrx_word' id='word_1_8' title='bbox 1048 525 1154 612; x_wconf 90' lang='lat' dir='ltr'>(edyll.</span> <span class='ocrx_word' id='word_1_9' title='bbox 1176 527 1263 614; x_wconf 82' lang='lat' dir='ltr'>XII),</span> <span class='ocrx_word' id='word_1_10' title='bbox 1296 527 1383 612; x_wconf 92' lang='lat' dir='ltr'>quod</span> 
     </span>
     <span class='ocr_line' id='line_1_3' title="bbox 262 629 1381 716; baseline 0.001 -21"><span class='ocrx_word' id='word_1_11' title='bbox 262 630 390 695; x_wconf 92' lang='lat' dir='ltr'>omnino</span> <span class='ocrx_word' id='word_1_12' title='bbox 414 650 486 696; x_wconf 93' lang='lat' dir='ltr'>cum</span> <span class='ocrx_word' id='word_1_13' title='bbox 508 631 537 694; x_wconf 91' lang='lat' dir='ltr'>V</span> <span class='ocrx_word' id='word_1_14' title='bbox 560 629 724 714; x_wconf 88' lang='lat' dir='ltr'>scripturis</span> <span class='ocrx_word' id='word_1_15' title='bbox 749 629 905 714; x_wconf 82' lang='lat' dir='ltr'>congruit,</span> <span class='ocrx_word' id='word_1_16' title='bbox 927 635 962 694; x_wconf 92' lang='lat' dir='ltr'>ut</span> <span class='ocrx_word' id='word_1_17' title='bbox 984 629 1024 695; x_wconf 91' lang='lat' dir='ltr'>de</span> <span class='ocrx_word' id='word_1_18' title='bbox 1048 630 1119 713; x_wconf 88' lang='lat' dir='ltr'>ejus</span> <span class='ocrx_word' id='word_1_19' title='bbox 1143 631 1265 716; x_wconf 83' lang='lat' dir='ltr'>origine</span> <span class='ocrx_word' id='word_1_20' title='bbox 1288 651 1381 696; x_wconf 87' lang='lat' dir='ltr'>nemo</span> 
     </span>
     <span class='ocr_line' id='line_1_4' title="bbox 261 723 686 798; baseline 0.002 -2"><span class='ocrx_word' id='word_1_21' title='bbox 261 732 461 798; x_wconf 85' lang='lat' dir='ltr'>dubitaverit.</span> <span class='ocrx_word' id='word_1_22' title='bbox 644 724 653 740; x_wconf 22' lang='grc' dir='ltr'>χ</span> <span class='ocrx_word' id='word_1_23' title='bbox 683 723 686 726; x_wconf 60' lang='grc'><strong>’</strong></span> 
     </span>
    </p>

    <p class='ocr_par' dir='ltr' id='par_1_3' title="bbox 258 833 1383 1516">
     <span class='ocr_line' id='line_1_5' title="bbox 316 833 1381 920; baseline 0.002 -22"><span class='ocrx_word' id='word_1_24' title='bbox 316 839 380 911; x_wconf 84' lang='grc'>,4)</span> <span class='ocrx_word' id='word_1_25' title='bbox 412 833 522 900; x_wconf 81' lang='lat' dir='ltr'><strong>Codex</strong></span> <span class='ocrx_word' id='word_1_26' title='bbox 551 840 708 899; x_wconf 74' lang='lat' dir='ltr'><em>Parisinus</em></span> <span class='ocrx_word' id='word_1_27' title='bbox 736 855 787 900; x_wconf 90' lang='lat' dir='ltr'>no.</span> <span class='ocrx_word' id='word_1_28' title='bbox 814 838 896 900; x_wconf 85' lang='grc'>4887</span> <span class='ocrx_word' id='word_1_29' title='bbox 923 840 1068 919; x_wconf 85' lang='lat' dir='ltr'>notatus,</span> <span class='ocrx_word' id='word_1_30' title='bbox 1099 835 1283 920; x_wconf 81' lang='lat' dir='ltr'>membran,</span> <span class='ocrx_word' id='word_1_31' title='bbox 1306 834 1381 901; x_wconf 89' lang='lat' dir='ltr'>olim</span> 
     </span>
     <span class='ocr_line' id='line_1_6' title="bbox 260 936 1382 1022; baseline 0 -20"><span class='ocrx_word' id='word_1_32' title='bbox 260 939 437 1022; x_wconf 79' lang='lat' dir='ltr'>Puteanus,</span> <span class='ocrx_word' id='word_1_33' title='bbox 459 937 587 1002; x_wconf 84' lang='lat' dir='ltr'>videtur</span> <span class='ocrx_word' id='word_1_34' title='bbox 608 937 672 1000; x_wconf 93' lang='lat' dir='ltr'>XII</span> <span class='ocrx_word' id='word_1_35' title='bbox 694 936 824 1003; x_wconf 88' lang='lat' dir='ltr'>saeculo</span> <span class='ocrx_word' id='word_1_36' title='bbox 841 943 993 1002; x_wconf 88' lang='lat' dir='ltr'>exaratus</span> <span class='ocrx_word' id='word_1_37' title='bbox 1010 937 1061 1008; x_wconf 83' lang='lat' dir='ltr'>(ci.</span> <span class='ocrx_word' id='word_1_38' title='bbox 1077 938 1170 1012; x_wconf 82' lang='lat' dir='ltr'>catal.</span> <span class='ocrx_word' id='word_1_39' title='bbox 1185 937 1260 1004; x_wconf 86' lang='lat' dir='ltr'>bibl.</span> <span class='ocrx_word' id='word_1_40' title='bbox 1279 939 1382 1003; x_wconf 86' lang='lat' dir='ltr'>Paris.</span> 
     </span>
     <span class='ocr_line' id='line_1_7' title="bbox 258 1038 1382 1124; baseline 0.001 -21"><span class='ocrx_word' id='word_1_41' title='bbox 258 1039 336 1122; x_wconf 84' lang='lat' dir='ltr'>ch.</span> <span class='ocrx_word' id='word_1_42' title='bbox 361 1038 602 1116; x_wconf 82' lang='grc'>1744111111).</span> <span class='ocrx_word' id='word_1_43' title='bbox 639 1039 752 1104; x_wconf 82' lang='lat' dir='ltr'>Insunt</span> <span class='ocrx_word' id='word_1_44' title='bbox 773 1039 806 1103; x_wconf 91' lang='lat' dir='ltr'>in</span> <span class='ocrx_word' id='word_1_45' title='bbox 830 1059 868 1103; x_wconf 93' lang='lat' dir='ltr'>eo</span> <span class='ocrx_word' id='word_1_46' title='bbox 885 1039 1023 1104; x_wconf 84' lang='lat' dir='ltr'>Ausonii</span> <span class='ocrx_word' id='word_1_47' title='bbox 1039 1039 1197 1106; x_wconf 77' lang='lat' dir='ltr'>Caesares</span> <span class='ocrx_word' id='word_1_48' title='bbox 1208 1039 1266 1123; x_wconf 87' lang='lat'><strong>¹⁰):</strong></span> <span class='ocrx_word' id='word_1_49' title='bbox 1289 1041 1382 1124; x_wconf 87' lang='lat' dir='ltr'>cujus</span> 
     </span>
     <span class='ocr_line' id='line_1_8' title="bbox 259 1141 1383 1228; baseline 0 -22"><span class='ocrx_word' id='word_1_50' title='bbox 259 1141 409 1206; x_wconf 88' lang='lat' dir='ltr'>carminis</span> <span class='ocrx_word' id='word_1_51' title='bbox 432 1163 497 1207; x_wconf 93' lang='lat' dir='ltr'>non</span> <span class='ocrx_word' id='word_1_52' title='bbox 520 1142 624 1206; x_wconf 92' lang='lat' dir='ltr'>solum</span> <span class='ocrx_word' id='word_1_53' title='bbox 646 1142 816 1209; x_wconf 89' lang='lat' dir='ltr'>verborum</span> <span class='ocrx_word' id='word_1_54' title='bbox 840 1142 1029 1228; x_wconf 75' lang='lat' dir='ltr'>scripturae,</span> <span class='ocrx_word' id='word_1_55' title='bbox 1053 1142 1112 1209; x_wconf 85' lang='lat' dir='ltr'>aed</span> <span class='ocrx_word' id='word_1_56' title='bbox 1135 1141 1232 1208; x_wconf 87' lang='lat' dir='ltr'>ctiam</span> <span class='ocrx_word' id='word_1_57' title='bbox 1251 1141 1383 1207; x_wconf 87' lang='lat' dir='ltr'>nomina</span> 
     </span>
     <span class='ocr_line' id='line_1_9' title="bbox 259 1243 1382 1328; baseline 0 -20"><span class='ocrx_word' id='word_1_58' title='bbox 259 1243 434 1310; x_wconf 81' lang='lat' dir='ltr'>Caesarum</span> <span class='ocrx_word' id='word_1_59' title='bbox 457 1245 592 1328; x_wconf 84' lang='lat' dir='ltr'>singulis</span> <span class='ocrx_word' id='word_1_60' title='bbox 616 1245 809 1311; x_wconf 89' lang='lat' dir='ltr'>tetrastichis</span> <span class='ocrx_word' id='word_1_61' title='bbox 837 1244 992 1328; x_wconf 89' lang='lat' dir='ltr'>inscripta</span> <span class='ocrx_word' id='word_1_62' title='bbox 1014 1266 1086 1310; x_wconf 92' lang='lat' dir='ltr'>cum</span> <span class='ocrx_word' id='word_1_63' title='bbox 1114 1244 1161 1310; x_wconf 88' lang='lat' dir='ltr'>eis</span> <span class='ocrx_word' id='word_1_64' title='bbox 1182 1265 1266 1328; x_wconf 88' lang='lat' dir='ltr'>quae</span> <span class='ocrx_word' id='word_1_65' title='bbox 1292 1245 1325 1308; x_wconf 94' lang='lat' dir='ltr'>in</span> <span class='ocrx_word' id='word_1_66' title='bbox 1353 1245 1382 1309; x_wconf 89' lang='lat' dir='ltr'>V</span> 
     </span>
     <span class='ocr_line' id='line_1_10' title="bbox 259 1346 1381 1434; baseline 0.003 -25"><span class='ocrx_word' id='word_1_67' title='bbox 259 1346 448 1412; x_wconf 81' lang='lat' dir='ltr'>exhibentur</span> <span class='ocrx_word' id='word_1_68' title='bbox 470 1347 516 1413; x_wconf 88' lang='lat' dir='ltr'>ita</span> <span class='ocrx_word' id='word_1_69' title='bbox 540 1348 738 1434; x_wconf 90' lang='lat' dir='ltr'>conspirant,</span> <span class='ocrx_word' id='word_1_70' title='bbox 769 1353 804 1412; x_wconf 91' lang='lat' dir='ltr'>ut</span> <span class='ocrx_word' id='word_1_71' title='bbox 825 1347 880 1414; x_wconf 88' lang='lat' dir='ltr'>vix</span> <span class='ocrx_word' id='word_1_72' title='bbox 902 1347 1035 1412; x_wconf 92' lang='lat' dir='ltr'>dubium</span> <span class='ocrx_word' id='word_1_73' title='bbox 1059 1367 1131 1414; x_wconf 85' lang='lat' dir='ltr'>csse</span> <span class='ocrx_word' id='word_1_74' title='bbox 1158 1347 1273 1432; x_wconf 81' lang='lat' dir='ltr'>possit,</span> <span class='ocrx_word' id='word_1_75' title='bbox 1304 1347 1381 1431; x_wconf 88' lang='lat' dir='ltr'>quin</span> 
     </span>
     <span class='ocr_line' id='line_1_11' title="bbox 258 1447 754 1516; baseline 0.008 -6"><span class='ocrx_word' id='word_1_76' title='bbox 258 1447 310 1514; x_wconf 91' lang='lat' dir='ltr'>hio</span> <span class='ocrx_word' id='word_1_77' title='bbox 331 1449 413 1514; x_wconf 90' lang='lat' dir='ltr'>liber</span> <span class='ocrx_word' id='word_1_78' title='bbox 435 1450 462 1514; x_wconf 96' lang='lat' dir='ltr'>V</span> <span class='ocrx_word' id='word_1_79' title='bbox 485 1450 606 1516; x_wconf 85' lang='lat' dir='ltr'>fontem</span> <span class='ocrx_word' id='word_1_80' title='bbox 628 1450 754 1516; x_wconf 85' lang='lat' dir='ltr'>habeat</span> 
     </span>
    </p>

    <p class='ocr_par' dir='ltr' id='par_1_4' title="bbox 255 1551 1380 2150">
     <span class='ocr_line' id='line_1_12' title="bbox 342 1551 1380 1635; baseline 0.002 -21"><span class='ocrx_word' id='word_1_81' title='bbox 342 1555 375 1630; x_wconf 81' lang='grc'>5)</span> <span class='ocrx_word' id='word_1_82' title='bbox 403 1551 512 1618; x_wconf 82' lang='lat' dir='ltr'>Codex</span> <span class='ocrx_word' id='word_1_83' title='bbox 540 1559 727 1632; x_wconf 70' lang='lat' dir='ltr'>Morianpeb&#39;</span> <span class='ocrx_word' id='word_1_84' title='bbox 752 1559 902 1628; x_wconf 76' lang='lat' dir='ltr'>Accurrit,</span> <span class='ocrx_word' id='word_1_85' title='bbox 935 1573 1029 1635; x_wconf 88' lang='lat' dir='ltr'>quem</span> <span class='ocrx_word' id='word_1_86' title='bbox 1059 1553 1110 1618; x_wconf 88' lang='lat' dir='ltr'>hio</span> <span class='ocrx_word' id='word_1_87' title='bbox 1141 1553 1208 1619; x_wconf 90' lang='lat' dir='ltr'>illic</span> <span class='ocrx_word' id='word_1_88' title='bbox 1233 1552 1266 1616; x_wconf 91' lang='lat' dir='ltr'>in</span> <span class='ocrx_word' id='word_1_89' title='bbox 1296 1573 1380 1618; x_wconf 92' lang='lat' dir='ltr'>com-</span> 
     </span>
     <span class='ocr_line' id='line_1_13' title="bbox 256 1654 1379 1740; baseline 0.003 -23"><span class='ocrx_word' id='word_1_90' title='bbox 256 1654 421 1719; x_wconf 88' lang='lat' dir='ltr'>mentariis</span> <span class='ocrx_word' id='word_1_91' title='bbox 459 1661 742 1726; x_wconf 85' lang='lat' dir='ltr'>commemoratum</span> <span class='ocrx_word' id='word_1_92' title='bbox 779 1655 939 1740; x_wconf 89' lang='lat' dir='ltr'>videmus,</span> <span class='ocrx_word' id='word_1_93' title='bbox 977 1655 1151 1740; x_wconf 83' lang='lat' dir='ltr'>scripturas</span> <span class='ocrx_word' id='word_1_94' title='bbox 1188 1655 1379 1738; x_wconf 83' lang='lat' dir='ltr'>praebuisse</span> 
     </span>
     <span class='ocr_line' id='line_1_14' title="bbox 256 1756 1379 1842; baseline 0.003 -22"><span class='ocrx_word' id='word_1_95' title='bbox 256 1756 373 1821; x_wconf 87' lang='lat' dir='ltr'>dicitur</span> <span class='ocrx_word' id='word_1_96' title='bbox 395 1777 466 1822; x_wconf 93' lang='lat' dir='ltr'>cum</span> <span class='ocrx_word' id='word_1_97' title='bbox 489 1757 659 1823; x_wconf 88' lang='lat' dir='ltr'>Vossianis</span> <span class='ocrx_word' id='word_1_98' title='bbox 683 1764 907 1842; x_wconf 78' lang='lat' dir='ltr'>congruentes.</span> <span class='ocrx_word' id='word_1_99' title='bbox 960 1757 1039 1822; x_wconf 84' lang='lat' dir='ltr'>Cum</span> <span class='ocrx_word' id='word_1_100' title='bbox 1066 1777 1141 1824; x_wconf 88' lang='lat' dir='ltr'>vero</span> <span class='ocrx_word' id='word_1_101' title='bbox 1170 1758 1249 1822; x_wconf 92' lang='lat' dir='ltr'>nibil</span> <span class='ocrx_word' id='word_1_102' title='bbox 1275 1777 1379 1841; x_wconf 90' lang='lat' dir='ltr'>neque</span> 
     </span>
     <span class='ocr_line' id='line_1_15' title="bbox 255 1859 1380 1944; baseline 0.004 -23"><span class='ocrx_word' id='word_1_103' title='bbox 255 1859 296 1940; x_wconf 87' lang='lat' dir='ltr'>ab</span> <span class='ocrx_word' id='word_1_104' title='bbox 320 1859 474 1926; x_wconf 85' lang='lat' dir='ltr'>Accursio</span> <span class='ocrx_word' id='word_1_105' title='bbox 489 1881 603 1944; x_wconf 74' lang='lat' dir='ltr'>vneque</span> <span class='ocrx_word' id='word_1_106' title='bbox 626 1861 667 1926; x_wconf 90' lang='lat' dir='ltr'>ab</span> <span class='ocrx_word' id='word_1_107' title='bbox 691 1861 755 1926; x_wconf 93' lang='lat' dir='ltr'>ullo</span> <span class='ocrx_word' id='word_1_108' title='bbox 778 1862 843 1926; x_wconf 89' lang='lat' dir='ltr'>allo</span> <span class='ocrx_word' id='word_1_109' title='bbox 868 1859 908 1925; x_wconf 90' lang='lat' dir='ltr'>de</span> <span class='ocrx_word' id='word_1_110' title='bbox 932 1859 1002 1943; x_wconf 84' lang='lat' dir='ltr'>ejus</span> <span class='ocrx_word' id='word_1_111' title='bbox 1022 1865 1138 1924; x_wconf 88' lang='lat' dir='ltr'>natura</span> <span class='ocrx_word' id='word_1_112' title='bbox 1155 1859 1274 1925; x_wconf 87' lang='lat' dir='ltr'>dictum</span> <span class='ocrx_word' id='word_1_113' title='bbox 1289 1879 1380 1944; x_wconf 90' lang='lat' dir='ltr'>repe·</span> 
     </span>
     <span class='ocr_line' id='line_1_16' title="bbox 255 1961 1380 2048; baseline 0.002 -24"><span class='ocrx_word' id='word_1_114' title='bbox 255 1961 366 2045; x_wconf 88' lang='lat' dir='ltr'>riatur,</span> <span class='ocrx_word' id='word_1_115' title='bbox 399 1961 474 2026; x_wconf 85' lang='lat' dir='ltr'>sciri</span> <span class='ocrx_word' id='word_1_116' title='bbox 500 1964 644 2047; x_wconf 86' lang='lat' dir='ltr'>profecto</span> <span class='ocrx_word' id='word_1_117' title='bbox 667 1963 789 2048; x_wconf 89' lang='lat' dir='ltr'>nequit,</span> <span class='ocrx_word' id='word_1_118' title='bbox 817 1984 892 2027; x_wconf 93' lang='lat' dir='ltr'>num</span> <span class='ocrx_word' id='word_1_119' title='bbox 917 1962 1099 2028; x_wconf 88' lang='lat' dir='ltr'>etiamnunc</span> <span class='ocrx_word' id='word_1_120' title='bbox 1123 1963 1252 2028; x_wconf 91' lang='lat' dir='ltr'>omnino</span> <span class='ocrx_word' id='word_1_121' title='bbox 1276 1968 1380 2030; x_wconf 88' lang='lat' dir='ltr'>exstet</span> 
     </span>
     <span class='ocr_line' id='line_1_17' title="bbox 255 2064 719 2150; baseline 0.009 -24"><span class='ocrx_word' id='word_1_122' title='bbox 255 2070 323 2142; x_wconf 89' lang='lat' dir='ltr'>aut,</span> <span class='ocrx_word' id='word_1_123' title='bbox 347 2064 375 2128; x_wconf 93' lang='lat' dir='ltr'>si</span> <span class='ocrx_word' id='word_1_124' title='bbox 398 2070 515 2149; x_wconf 86' lang='lat' dir='ltr'>exstat,</span> <span class='ocrx_word' id='word_1_125' title='bbox 539 2066 593 2150; x_wconf 94' lang='lat' dir='ltr'>qui</span> <span class='ocrx_word' id='word_1_126' title='bbox 615 2065 719 2130; x_wconf 89' lang='lat' dir='ltr'>fuerit.</span> 
     </span>
    </p>

    <p class='ocr_par' dir='ltr' id='par_1_5' title="bbox 255 2165 1379 2436">
     <span class='ocr_line' id='line_1_18' title="bbox 339 2165 1379 2240; baseline 0.003 -11"><span class='ocrx_word' id='word_1_127' title='bbox 339 2165 437 2231; x_wconf 89' lang='lat' dir='ltr'>Recte</span> <span class='ocrx_word' id='word_1_128' title='bbox 469 2167 614 2238; x_wconf 84' lang='lat' dir='ltr'>fortasse</span> <span class='ocrx_word' id='word_1_129' title='bbox 639 2167 703 2233; x_wconf 89' lang='lat' dir='ltr'>huo</span> <span class='ocrx_word' id='word_1_130' title='bbox 733 2167 876 2234; x_wconf 91' lang='lat' dir='ltr'>addendi</span> <span class='ocrx_word' id='word_1_131' title='bbox 907 2173 983 2234; x_wconf 84' lang='lat' dir='ltr'>sunt</span> <span class='ocrx_word' id='word_1_132' title='bbox 1010 2177 1075 2234; x_wconf 83' lang='lat' dir='ltr'>tres</span> <span class='ocrx_word' id='word_1_133' title='bbox 1103 2166 1177 2232; x_wconf 91' lang='lat' dir='ltr'>libri</span> <span class='ocrx_word' id='word_1_134' title='bbox 1205 2187 1261 2232; x_wconf 91' lang='lat' dir='ltr'>ms.</span> <span class='ocrx_word' id='word_1_135' title='bbox 1289 2187 1309 2232; x_wconf 88' lang='lat' dir='ltr'>a</span> <span class='ocrx_word' id='word_1_136' title='bbox 1338 2167 1379 2240; x_wconf 87' lang='lat' dir='ltr'>K.</span> 
     </span>
     <span class='ocr_line' id='line_1_19' title="bbox 255 2268 1378 2356; baseline 0.002 -24"><span class='ocrx_word' id='word_1_137' title='bbox 255 2268 429 2334; x_wconf 85' lang='lat' dir='ltr'>Schenklio</span> <span class='ocrx_word' id='word_1_138' title='bbox 458 2269 621 2348; x_wconf 88' lang='lat' dir='ltr'>(Zeitschr.</span> <span class='ocrx_word' id='word_1_139' title='bbox 649 2271 669 2336; x_wconf 87' lang='lat' dir='ltr'>f.</span> <span class='ocrx_word' id='word_1_140' title='bbox 693 2271 722 2338; x_wconf 93' lang='lat' dir='ltr'>d.</span> <span class='ocrx_word' id='word_1_141' title='bbox 746 2278 875 2337; x_wconf 90' lang='lat' dir='ltr'>oesterr.</span> <span class='ocrx_word' id='word_1_142' title='bbox 899 2272 1013 2356; x_wconf 82' lang='lat' dir='ltr'>Gymn.</span> <span class='ocrx_word' id='word_1_143' title='bbox 1035 2269 1097 2334; x_wconf 88' lang='lat' dir='ltr'>XV</span> <span class='ocrx_word' id='word_1_144' title='bbox 1124 2289 1152 2335; x_wconf 87' lang='lat' dir='ltr'>a.</span> <span class='ocrx_word' id='word_1_145' title='bbox 1177 2273 1269 2344; x_wconf 89' lang='grc'>1864)</span> <span class='ocrx_word' id='word_1_146' title='bbox 1293 2289 1378 2334; x_wconf 91' lang='lat' dir='ltr'>oom-</span> 
     </span>
     <span class='ocr_line' id='line_1_20' title="bbox 255 2372 438 2436; baseline 0.011 -2"><span class='ocrx_word' id='word_1_147' title='bbox 255 2372 438 2436; x_wconf 87' lang='lat' dir='ltr'>memorati:</span> 
     </span>
    </p>

    <p class='ocr_par' dir='ltr' id='par_1_6' title="bbox 253 2474 1379 2971">
     <span class='ocr_line' id='line_1_21' title="bbox 339 2474 1379 2560; baseline 0 -20"><span class='ocrx_word' id='word_1_148' title='bbox 339 2477 369 2552; x_wconf 80' lang='grc'>6)</span> <span class='ocrx_word' id='word_1_149' title='bbox 394 2474 505 2540; x_wconf 76' lang='lat' dir='ltr'>Codex</span> <span class='ocrx_word' id='word_1_150' title='bbox 527 2497 578 2541; x_wconf 89' lang='lat' dir='ltr'>no.</span> <span class='ocrx_word' id='word_1_151' title='bbox 601 2482 658 2543; x_wconf 87' lang='grc'>281</span> <span class='ocrx_word' id='word_1_152' title='bbox 685 2477 760 2541; x_wconf 92' lang='lat' dir='ltr'>bibl.</span> <span class='ocrx_word' id='word_1_153' title='bbox 782 2477 883 2542; x_wconf 88' lang='lat' dir='ltr'>Palat.</span> <span class='ocrx_word' id='word_1_154' title='bbox 912 2481 1158 2559; x_wconf 69' lang='lat' dir='ltr'>Vindoboncnub,</span> <span class='ocrx_word' id='word_1_155' title='bbox 1181 2475 1236 2559; x_wconf 94' lang='lat' dir='ltr'>qui</span> <span class='ocrx_word' id='word_1_156' title='bbox 1251 2481 1379 2560; x_wconf 84' lang='lat' dir='ltr'>praeter</span> 
     </span>
     <span class='ocr_line' id='line_1_22' title="bbox 253 2576 1379 2664; baseline 0.003 -23"><span class='ocrx_word' id='word_1_157' title='bbox 253 2596 369 2642; x_wconf 88' lang='lat' dir='ltr'>versus</span> <span class='ocrx_word' id='word_1_158' title='bbox 393 2583 515 2662; x_wconf 90' lang='lat' dir='ltr'>septem</span> <span class='ocrx_word' id='word_1_159' title='bbox 539 2579 719 2664; x_wconf 88' lang='lat' dir='ltr'>sapientum</span> <span class='ocrx_word' id='word_1_160' title='bbox 743 2577 1059 2663; x_wconf 79' lang='grc'>(11.1]111111111111111,</span> <span class='ocrx_word' id='word_1_161' title='bbox 1087 2577 1188 2642; x_wconf 87' lang='lat' dir='ltr'>Catal.</span> <span class='ocrx_word' id='word_1_162' title='bbox 1211 2577 1280 2643; x_wconf 92' lang='lat' dir='ltr'>cod.</span> <span class='ocrx_word' id='word_1_163' title='bbox 1302 2576 1379 2661; x_wconf 91' lang='lat' dir='ltr'>phil.</span> 
     </span>
     <span class='ocr_line' id='line_1_23' title="bbox 255 2678 1379 2767; baseline 0.004 -26"><span class='ocrx_word' id='word_1_164' title='bbox 255 2678 307 2742; x_wconf 88' lang='lat' dir='ltr'>lat.</span> <span class='ocrx_word' id='word_1_165' title='bbox 331 2680 433 2744; x_wconf 90' lang='lat' dir='ltr'>Palat.</span> <span class='ocrx_word' id='word_1_166' title='bbox 457 2680 593 2747; x_wconf 89' lang='lat' dir='ltr'>Vindob.</span> <span class='ocrx_word' id='word_1_167' title='bbox 621 2705 651 2767; x_wconf 88' lang='lat' dir='ltr'>p.</span> <span class='ocrx_word' id='word_1_168' title='bbox 680 2684 752 2764; x_wconf 86' lang='grc'>171)</span> <span class='ocrx_word' id='word_1_169' title='bbox 776 2681 829 2746; x_wconf 86' lang='lat' dir='ltr'>fol.</span> <span class='ocrx_word' id='word_1_170' title='bbox 857 2685 916 2745; x_wconf 90' lang='grc'>142</span> <span class='ocrx_word' id='word_1_171' title='bbox 942 2681 1093 2766; x_wconf 87' lang='lat' dir='ltr'>praebet:</span> <span class='ocrx_word' id='word_1_172' title='bbox 1125 2679 1246 2747; x_wconf 85' lang='lat' dir='ltr'>Versus</span> <span class='ocrx_word' id='word_1_173' title='bbox 1269 2681 1310 2746; x_wconf 90' lang='lat' dir='ltr'>de</span> <span class='ocrx_word' id='word_1_174' title='bbox 1332 2680 1379 2746; x_wconf 90' lang='lat' dir='ltr'>in·</span> 
     </span>
     <span class='ocr_line' id='line_1_24' title="bbox 253 2779 1379 2870; baseline 0.002 -24"><span class='ocrx_word' id='word_1_175' title='bbox 253 2781 416 2847; x_wconf 89' lang='lat' dir='ltr'>stitutione</span> <span class='ocrx_word' id='word_1_176' title='bbox 447 2783 508 2848; x_wconf 86' lang='lat' dir='ltr'>viri</span> <span class='ocrx_word' id='word_1_177' title='bbox 539 2785 617 2850; x_wconf 93' lang='lat' dir='ltr'>boni</span> <span class='ocrx_word' id='word_1_178' title='bbox 646 2785 754 2870; x_wconf 86' lang='lat' dir='ltr'>(cdyll.</span> <span class='ocrx_word' id='word_1_179' title='bbox 775 2779 889 2862; x_wconf 77' lang='lat' dir='ltr'>XVI),</span> <span class='ocrx_word' id='word_1_180' title='bbox 923 2784 1016 2867; x_wconf 87' lang='lat' dir='ltr'>cujus</span> <span class='ocrx_word' id='word_1_181' title='bbox 1048 2785 1139 2866; x_wconf 85' lang='lat' dir='ltr'>origo</span> <span class='ocrx_word' id='word_1_182' title='bbox 1174 2803 1191 2848; x_wconf 91' lang='grc'>1</span> <span class='ocrx_word' id='word_1_183' title='bbox 1223 2783 1252 2847; x_wconf 96' lang='lat' dir='ltr'>V</span> <span class='ocrx_word' id='word_1_184' title='bbox 1282 2782 1379 2848; x_wconf 89' lang='lat' dir='ltr'>ducta</span> 
     </span>
     <span class='ocr_line' id='line_1_25' title="bbox 254 2884 1379 2971; baseline 0.003 -26"><span class='ocrx_word' id='word_1_185' title='bbox 254 2884 375 2968; x_wconf 75' lang='lat' dir='ltr'>elucet,</span> <span class='ocrx_word' id='word_1_186' title='bbox 399 2886 529 2951; x_wconf 91' lang='lat' dir='ltr'>codices</span> <span class='ocrx_word' id='word_1_187' title='bbox 552 2894 687 2953; x_wconf 73' lang='lat' dir='ltr'>Parisios·</span> <span class='ocrx_word' id='word_1_188' title='bbox 707 2890 848 2952; x_wconf 80' lang='grc'>1111927</span> <span class='ocrx_word' id='word_1_189' title='bbox 866 2894 898 2951; x_wconf 89' lang='grc'>11</span> <span class='ocrx_word' id='word_1_190' title='bbox 914 2891 1010 2971; x_wconf 77' lang='grc'>1936,</span> <span class='ocrx_word' id='word_1_191' title='bbox 1033 2886 1067 2950; x_wconf 93' lang='lat' dir='ltr'>in</span> <span class='ocrx_word' id='word_1_192' title='bbox 1083 2885 1200 2970; x_wconf 91' lang='lat' dir='ltr'>quibus</span> <span class='ocrx_word' id='word_1_193' title='bbox 1215 2884 1277 2950; x_wconf 92' lang='lat' dir='ltr'>hoc</span> <span class='ocrx_word' id='word_1_194' title='bbox 1292 2884 1379 2950; x_wconf 91' lang='lat' dir='ltr'>idem</span> 
     </span>
    </p>
   </div>
   <div class='ocr_carea' id='block_1_3' title="bbox 254 2987 1072 3074">
    <p class='ocr_par' dir='ltr' id='par_1_7' title="bbox 254 2987 1072 3074">
     <span class='ocr_line' id='line_1_26' title="bbox 254 2987 1072 3074; baseline 0.004 -26"><span class='ocrx_word' id='word_1_195' title='bbox 254 3005 384 3050; x_wconf 87' lang='lat' dir='ltr'>carmen</span> <span class='ocrx_word' id='word_1_196' title='bbox 407 2987 507 3072; x_wconf 90' lang='lat' dir='ltr'>inest,</span> <span class='ocrx_word' id='word_1_197' title='bbox 531 2989 677 3074; x_wconf 88' lang='lat' dir='ltr'>ejusdem</span> <span class='ocrx_word' id='word_1_198' title='bbox 700 2990 798 3055; x_wconf 83' lang='lat' dir='ltr'>fontis</span> <span class='ocrx_word' id='word_1_199' title='bbox 822 3009 893 3055; x_wconf 85' lang='lat' dir='ltr'>esse</span> <span class='ocrx_word' id='word_1_200' title='bbox 915 2989 1072 3072; x_wconf 88' lang='lat' dir='ltr'>videntur,</span> 
     </span>
    </p>
   </div>
   <div class='ocr_carea' id='block_1_4' title="bbox 251 3093 1379 4096">
    <p class='ocr_par' dir='ltr' id='par_1_8' title="bbox 252 3093 1379 3770">
     <span class='ocr_line' id='line_1_27' title="bbox 340 3093 1169 3282; baseline 0.002 -79"><span class='ocrx_word' id='word_1_201' title='bbox 340 3138 373 3222; x_wconf 84' lang='lat'>7)</span> <span class='ocrx_word' id='word_1_202' title='bbox 398 3139 509 3206; x_wconf 82' lang='lat' dir='ltr'>Codex</span> <span class='ocrx_word' id='word_1_203' title='bbox 532 3147 764 3210; x_wconf 81' lang='lat' dir='ltr'>Vindobonensis</span> <span class='ocrx_word' id='word_1_204' title='bbox 779 3164 820 3208; x_wconf 91' lang='lat' dir='ltr'>no</span> <span class='ocrx_word' id='word_1_205' title='bbox 838 3147 900 3208; x_wconf 82' lang='grc'>3116</span> <span class='ocrx_word' id='word_1_206' title='bbox 916 3107 1012 3282; x_wconf 67' lang='lat' dir='ltr'>(olim</span> <span class='ocrx_word' id='word_1_207' title='bbox 1030 3093 1169 3270; x_wconf 33' lang='grc' dir='ltr'>ἐξ),</span> 
     </span>
     <span class='ocr_line' id='line_1_28' title="bbox 255 3293 1379 3380; baseline 0.002 -24"><span class='ocrx_word' id='word_1_208' title='bbox 255 3293 377 3357; x_wconf 84' lang='lat' dir='ltr'>saeculi</span> <span class='ocrx_word' id='word_1_209' title='bbox 392 3293 482 3378; x_wconf 85' lang='lat' dir='ltr'>XVI,</span> <span class='ocrx_word' id='word_1_210' title='bbox 505 3296 596 3379; x_wconf 89' lang='lat' dir='ltr'>cujus</span> <span class='ocrx_word' id='word_1_211' title='bbox 619 3297 653 3362; x_wconf 93' lang='lat' dir='ltr'>in</span> <span class='ocrx_word' id='word_1_212' title='bbox 669 3296 773 3362; x_wconf 85' lang='lat' dir='ltr'>fronto</span> <span class='ocrx_word' id='word_1_213' title='bbox 788 3295 869 3362; x_wconf 90' lang='lat' dir='ltr'>haec</span> <span class='ocrx_word' id='word_1_214' title='bbox 889 3297 1054 3380; x_wconf 84' lang='lat' dir='ltr'>leguntur:</span> <span class='ocrx_word' id='word_1_215' title='bbox 1089 3294 1238 3378; x_wconf 89' lang='lat' dir='ltr'>Ausonii,</span> <span class='ocrx_word' id='word_1_216' title='bbox 1262 3293 1379 3378; x_wconf 89' lang='lat' dir='ltr'>Ovidii,</span> 
     </span>
     <span class='ocr_line' id='line_1_29' title="bbox 253 3394 1378 3483; baseline 0.001 -25"><span class='ocrx_word' id='word_1_217' title='bbox 253 3394 443 3460; x_wconf 88' lang='lat' dir='ltr'>Nemesiani</span> <span class='ocrx_word' id='word_1_218' title='bbox 466 3403 497 3462; x_wconf 91' lang='grc'>11</span> <span class='ocrx_word' id='word_1_219' title='bbox 520 3399 623 3464; x_wconf 86' lang='lat' dir='ltr'>Gratii</span> <span class='ocrx_word' id='word_1_220' title='bbox 651 3401 833 3483; x_wconf 83' lang='lat' dir='ltr'>fragmenta</span> <span class='ocrx_word' id='word_1_221' title='bbox 859 3398 943 3464; x_wconf 82' lang='lat' dir='ltr'>Antii</span> <span class='ocrx_word' id='word_1_222' title='bbox 970 3397 1095 3464; x_wconf 84' lang='lat' dir='ltr'>Sinoen&#39;</span> <span class='ocrx_word' id='word_1_223' title='bbox 1122 3417 1220 3462; x_wconf 86' lang='lat' dir='ltr'>manu</span> <span class='ocrx_word' id='word_1_224' title='bbox 1248 3395 1378 3480; x_wconf 89' lang='lat' dir='ltr'>scripta,</span> 
     </span>
     <span class='ocr_line' id='line_1_30' title="bbox 252 3497 1378 3585; baseline -0.001 -24"><span class='ocrx_word' id='word_1_225' title='bbox 252 3497 419 3563; x_wconf 88' lang='lat' dir='ltr'>Martirani</span> <span class='ocrx_word' id='word_1_226' title='bbox 442 3505 473 3564; x_wconf 91' lang='lat' dir='ltr'>et</span> <span class='ocrx_word' id='word_1_227' title='bbox 496 3499 661 3568; x_wconf 88' lang='lat' dir='ltr'>doctorum</span> <span class='ocrx_word' id='word_1_228' title='bbox 683 3501 884 3585; x_wconf 78' lang='lat' dir='ltr'>amicorum&#39;3</span> <span class='ocrx_word' id='word_1_229' title='bbox 910 3500 1038 3565; x_wconf 88' lang='lat' dir='ltr'>videtur</span> <span class='ocrx_word' id='word_1_230' title='bbox 1063 3499 1160 3583; x_wconf 91' lang='lat' dir='ltr'>paulo</span> <span class='ocrx_word' id='word_1_231' title='bbox 1184 3505 1258 3583; x_wconf 92' lang='lat' dir='ltr'>post</span> <span class='ocrx_word' id='word_1_232' title='bbox 1281 3517 1378 3580; x_wconf 88' lang='lat' dir='ltr'>quarn</span> 
     </span>
     <span class='ocr_line' id='line_1_31' title="bbox 252 3599 1377 3687; baseline 0 -23"><span class='ocrx_word' id='word_1_233' title='bbox 252 3599 280 3664; x_wconf 98' lang='lat' dir='ltr'>V</span> <span class='ocrx_word' id='word_1_234' title='bbox 304 3608 452 3685; x_wconf 87' lang='lat' dir='ltr'>repertus</span> <span class='ocrx_word' id='word_1_235' title='bbox 476 3608 525 3667; x_wconf 89' lang='grc'>111</span> <span class='ocrx_word' id='word_1_236' title='bbox 546 3624 660 3687; x_wconf 91' lang='lat' dir='ltr'>parum</span> <span class='ocrx_word' id='word_1_237' title='bbox 684 3602 855 3687; x_wconf 81' lang='lat' dir='ltr'>diligenter</span> <span class='ocrx_word' id='word_1_238' title='bbox 877 3621 917 3666; x_wconf 89' lang='lat' dir='ltr'>ex</span> <span class='ocrx_word' id='word_1_239' title='bbox 940 3621 979 3666; x_wconf 92' lang='lat' dir='ltr'>eo</span> <span class='ocrx_word' id='word_1_240' title='bbox 1003 3599 1183 3685; x_wconf 89' lang='lat' dir='ltr'>descriptus</span> <span class='ocrx_word' id='word_1_241' title='bbox 1207 3620 1289 3667; x_wconf 86' lang='lat' dir='ltr'>esse.</span> <span class='ocrx_word' id='word_1_242' title='bbox 1325 3601 1377 3664; x_wconf 91' lang='lat' dir='ltr'>In·</span> 
     </span>
     <span class='ocr_line' id='line_1_32' title="bbox 255 3704 693 3770; baseline 0.009 -4"><span class='ocrx_word' id='word_1_243' title='bbox 255 3708 331 3767; x_wconf 88' lang='lat' dir='ltr'>sunt</span> <span class='ocrx_word' id='word_1_244' title='bbox 354 3707 461 3769; x_wconf 86' lang='lat' dir='ltr'>autem</span> <span class='ocrx_word' id='word_1_245' title='bbox 477 3704 511 3768; x_wconf 93' lang='lat' dir='ltr'>in</span> <span class='ocrx_word' id='word_1_246' title='bbox 534 3723 572 3768; x_wconf 88' lang='lat' dir='ltr'>eo</span> <span class='ocrx_word' id='word_1_247' title='bbox 595 3704 693 3770; x_wconf 90' lang='lat' dir='ltr'>haec:</span> 
     </span>
    </p>

    <p class='ocr_par' dir='ltr' id='par_1_9' title="bbox 251 3805 1377 4096">
     <span class='ocr_line' id='line_1_33' title="bbox 251 3805 1377 3892; baseline 0 -22"><span class='ocrx_word' id='word_1_248' title='bbox 251 3835 254 3840; x_wconf 92' lang='lat'>·</span> <span class='ocrx_word' id='word_1_249' title='bbox 294 3805 453 3889; x_wconf 74' lang='grc'>11111111.</span> <span class='ocrx_word' id='word_1_250' title='bbox 477 3807 609 3883; x_wconf 87' lang='lat' dir='ltr'>(desunt</span> <span class='ocrx_word' id='word_1_251' title='bbox 623 3829 672 3874; x_wconf 84' lang='lat' dir='ltr'>vv.</span> <span class='ocrx_word' id='word_1_252' title='bbox 689 3805 846 3891; x_wconf 73' lang='grc'>39-44),</span> <span class='ocrx_word' id='word_1_253' title='bbox 869 3807 968 3892; x_wconf 87' lang='lat' dir='ltr'>prael.</span> <span class='ocrx_word' id='word_1_254' title='bbox 991 3809 1232 3887; x_wconf 81' lang='grc'>1.11.9-12;</span> <span class='ocrx_word' id='word_1_255' title='bbox 1255 3809 1377 3888; x_wconf 86' lang='lat' dir='ltr'>parent</span> 
     </span>
     <span class='ocr_line' id='line_1_34' title="bbox 251 3905 1371 3994; baseline 0.003 -27"><span class='ocrx_word' id='word_1_256' title='bbox 251 3905 294 3988; x_wconf 96' lang='grc'>11,</span> <span class='ocrx_word' id='word_1_257' title='bbox 317 3911 415 3992; x_wconf 81' lang='grc'><strong>3-6;</strong></span> <span class='ocrx_word' id='word_1_258' title='bbox 444 3908 534 3991; x_wconf 92' lang='lat' dir='ltr'>VIII,</span> <span class='ocrx_word' id='word_1_259' title='bbox 565 3933 593 3976; x_wconf 87' lang='lat' dir='ltr'>v.</span> <span class='ocrx_word' id='word_1_260' title='bbox 624 3918 656 3994; x_wconf 85' lang='lat' dir='ltr'>b,</span> <span class='ocrx_word' id='word_1_261' title='bbox 686 3915 713 3994; x_wconf 86' lang='grc'>6,</span> <span class='ocrx_word' id='word_1_262' title='bbox 736 3914 765 3992; x_wconf 84' lang='grc'>9,</span> <span class='ocrx_word' id='word_1_263' title='bbox 793 3913 845 3992; x_wconf 73' lang='grc'>10,</span> <span class='ocrx_word' id='word_1_264' title='bbox 877 3909 957 3993; x_wconf 85' lang='lat' dir='ltr'>prol.</span> <span class='ocrx_word' id='word_1_265' title='bbox 983 3909 1007 3992; x_wconf 91' lang='lat' dir='ltr'>l,</span> <span class='ocrx_word' id='word_1_266' title='bbox 1029 3913 1172 3991; x_wconf 79' lang='lat'><strong>31-343</strong></span> <span class='ocrx_word' id='word_1_267' title='bbox 1200 3907 1310 3990; x_wconf 83' lang='grc'>111,1.</span> <span class='ocrx_word' id='word_1_268' title='bbox 1336 3912 1371 3971; x_wconf 91' lang='grc'>11</span> 
     </span>
     <span class='ocr_line' id='line_1_35' title="bbox 254 4009 1220 4096; baseline 0.004 -26"><span class='ocrx_word' id='word_1_269' title='bbox 254 4010 310 4090; x_wconf 86' lang='grc'>12;</span> <span class='ocrx_word' id='word_1_270' title='bbox 332 4009 405 4093; x_wconf 87' lang='grc' dir='ltr'>ΧΧ,</span> <span class='ocrx_word' id='word_1_271' title='bbox 429 4015 549 4096; x_wconf 83' lang='grc'>7-14;</span> <span class='ocrx_word' id='word_1_272' title='bbox 572 4013 690 4096; x_wconf 85' lang='lat' dir='ltr'>XXIV,</span> <span class='ocrx_word' id='word_1_273' title='bbox 713 4017 742 4096; x_wconf 82' lang='lat'>9,</span> <span class='ocrx_word' id='word_1_274' title='bbox 768 4016 823 4094; x_wconf 77' lang='lat'>103</span> <span class='ocrx_word' id='word_1_275' title='bbox 846 4010 1011 4076; x_wconf 76' lang='lat' dir='ltr'>Corona.</span> <span class='ocrx_word' id='word_1_276' title='bbox 1034 4014 1157 4093; x_wconf 79' lang='lat'>7-103</span> <span class='ocrx_word' id='word_1_277' title='bbox 1178 4045 1220 4056; x_wconf 89' lang='lat'><em>-</em></span> 
     </span>
    </p>
   </div>
   <div class='ocr_carea' id='block_1_5' title="bbox 1179 3139 1379 3225">
    <p class='ocr_par' dir='ltr' id='par_1_10' title="bbox 1179 3139 1379 3225">
     <span class='ocr_line' id='line_1_36' title="bbox 1179 3139 1379 3225; baseline -0.01 -17"><span class='ocrx_word' id='word_1_278' title='bbox 1179 3139 1379 3225; x_wconf 88' lang='lat' dir='ltr'>chartaceus,</span> 
     </span>
    </p>
   </div>
   <div class='ocr_carea' id='block_1_6' title="bbox 249 4265 1378 4505">
    <p class='ocr_par' dir='ltr' id='par_1_11' title="bbox 249 4265 1378 4505">
     <span class='ocr_line' id='line_1_37' title="bbox 321 4265 1378 4331; baseline -0.001 -12"><span class='ocrx_word' id='word_1_279' title='bbox 321 4268 352 4331; x_wconf 83' lang='lat'>¹⁰)</span> <span class='ocrx_word' id='word_1_280' title='bbox 372 4270 511 4320; x_wconf 88' lang='lat' dir='ltr'>Plurimum</span> <span class='ocrx_word' id='word_1_281' title='bbox 530 4271 556 4320; x_wconf 91' lang='lat' dir='ltr'>in</span> <span class='ocrx_word' id='word_1_282' title='bbox 569 4270 617 4319; x_wconf 85' lang='lat' dir='ltr'>hac</span> <span class='ocrx_word' id='word_1_283' title='bbox 630 4285 657 4320; x_wconf 87' lang='lat' dir='ltr'>re</span> <span class='ocrx_word' id='word_1_284' title='bbox 669 4269 749 4320; x_wconf 85' lang='lat' dir='ltr'>debeo</span> <span class='ocrx_word' id='word_1_285' title='bbox 763 4269 914 4318; x_wconf 82' lang='lat' dir='ltr'>humanitati</span> <span class='ocrx_word' id='word_1_286' title='bbox 927 4283 957 4318; x_wconf 83' lang='lat' dir='ltr'>ac</span> <span class='ocrx_word' id='word_1_287' title='bbox 970 4267 1162 4318; x_wconf 84' lang='lat' dir='ltr'>benevolentiae</span> <span class='ocrx_word' id='word_1_288' title='bbox 1173 4265 1222 4318; x_wconf 85' lang='lat' dir='ltr'>Ed.</span> <span class='ocrx_word' id='word_1_289' title='bbox 1238 4267 1378 4331; x_wconf 77' lang='lat' dir='ltr'>Woelfflt&#39;ni</span> 
     </span>
     <span class='ocr_line' id='line_1_38' title="bbox 249 4353 1376 4420; baseline -0.001 -15"><span class='ocrx_word' id='word_1_290' title='bbox 249 4355 410 4417; x_wconf 86' lang='lat' dir='ltr'>Turicensis,</span> <span class='ocrx_word' id='word_1_291' title='bbox 429 4356 473 4420; x_wconf 90' lang='lat' dir='ltr'>qui</span> <span class='ocrx_word' id='word_1_292' title='bbox 491 4363 590 4405; x_wconf 77' lang='lat' dir='ltr'>summa</span> <span class='ocrx_word' id='word_1_293' title='bbox 608 4355 758 4405; x_wconf 82' lang='lat' dir='ltr'>liberalitate</span> <span class='ocrx_word' id='word_1_294' title='bbox 775 4359 829 4403; x_wconf 89' lang='lat' dir='ltr'>tum</span> <span class='ocrx_word' id='word_1_295' title='bbox 847 4355 921 4418; x_wconf 83' lang='lat' dir='ltr'>hujus</span> <span class='ocrx_word' id='word_1_296' title='bbox 939 4361 964 4404; x_wconf 86' lang='grc'>11</span> <span class='ocrx_word' id='word_1_297' title='bbox 981 4353 1092 4402; x_wconf 84' lang='lat' dir='ltr'>aliorum</span> <span class='ocrx_word' id='word_1_298' title='bbox 1109 4353 1258 4403; x_wconf 81' lang='lat' dir='ltr'>collationes</span> <span class='ocrx_word' id='word_1_299' title='bbox 1276 4369 1376 4404; x_wconf 87' lang='lat' dir='ltr'>mecum</span> 
     </span>
     <span class='ocr_line' id='line_1_39' title="bbox 251 4436 1331 4505; baseline -0.002 -15"><span class='ocrx_word' id='word_1_300' title='bbox 251 4441 451 4491; x_wconf 85' lang='lat' dir='ltr'>communicavit</span> <span class='ocrx_word' id='word_1_301' title='bbox 468 4447 521 4490; x_wconf 87' lang='lat' dir='ltr'>tum</span> <span class='ocrx_word' id='word_1_302' title='bbox 541 4441 566 4490; x_wconf 88' lang='lat' dir='ltr'>iu</span> <span class='ocrx_word' id='word_1_303' title='bbox 585 4439 737 4505; x_wconf 82' lang='lat' dir='ltr'>indagandis</span> <span class='ocrx_word' id='word_1_304' title='bbox 755 4439 827 4489; x_wconf 82' lang='lat' dir='ltr'>librIs</span> <span class='ocrx_word' id='word_1_305' title='bbox 845 4439 1025 4502; x_wconf 83' lang='lat' dir='ltr'>manuscriptis</span> <span class='ocrx_word' id='word_1_306' title='bbox 1043 4438 1150 4488; x_wconf 90' lang='lat' dir='ltr'>multam</span> <span class='ocrx_word' id='word_1_307' title='bbox 1168 4453 1208 4488; x_wconf 89' lang='lat' dir='ltr'>me</span> <span class='ocrx_word' id='word_1_308' title='bbox 1226 4436 1331 4503; x_wconf 81' lang='lat' dir='ltr'>adjuvit.</span> 
     </span>
    </p>
   </div>
   <div class='ocr_carea' id='block_1_7' title="bbox 0 0 1622 4932">
    <p class='ocr_par' dir='ltr' id='par_1_12' title="bbox 0 0 1622 4932">
     <span class='ocr_line' id='line_1_40' title="bbox 0 0 1622 4932; baseline 0 3"><span class='ocrx_word' id='word_1_309' title='bbox 0 0 1622 4932; x_wconf 95' lang='lat' dir='ltr'> </span> 
     </span>
    </p>
   </div>
  </div>
 </body>
</html>
