3234 4932
660 304 885 376 .-3··

232 487 369 571 ratione,
401 505 484 570 quae
506 485 588 552 iuter
617 487 762 571 singulos
788 485 979 572 intercedat,
1009 505 1116 572 pauca
1144 485 1355 573 praemittam.
1430 471 1434 479 ¹

232 591 316 654 Nam
339 609 423 671 quae
439 588 599 654 Rachsius
623 587 697 668 (‚,de
719 609 754 655 16
770 589 902 655 metrica
917 589 1087 673 Ausonii“,
1110 589 1227 656 dissert
1246 587 1354 672 inaug.

232 690 322 757 acad.
355 691 517 773 Rostoch.,
547 691 651 758 Berol.
678 689 787 776 1868),
818 692 873 775 qui
902 691 991 757 solus
1021 690 1127 756 adhuc
1157 690 1198 756 de
1228 689 1290 756 hac
1319 709 1355 755 16

232 793 418 877 disputavit,
441 813 514 876 pag.
538 799 653 858 4615
677 793 955 860 commentationis
979 813 1058 858 suae
1081 793 1196 877 attulit,
1223 811 1263 859 ea
1285 791 1356 858 siue

232 895 296 960 ullo
321 895 433 960 ordine
461 913 500 960 ec
523 895 648 960 ratione
672 904 828 981 congesta
855 901 930 962 sunt
951 916 1011 962 nec
1031 915 1107 961 raro
1130 901 1241 980 aperte
1263 893 1356 977 falsa,

232 1006 266 1062 ut
287 997 342 1062 vix
364 997 534 1081 quisquam
556 1018 709 1079 magnum
731 999 808 1064 inde
830 999 966 1064 fructum
988 998 1153 1082 percipere
1175 995 1287 1081 possit

315 1099 451 1164 Ausonii
481 1099 600 1182 scripta
626 1100 688 1166 hoc
719 1099 849 1184 quidem
879 1104 1023 1183 tempore
1051 1099 1121 1184 jam
1151 1098 1240 1164 nullo
1272 1096 1354 1162 libro

232 1201 450 1284 manuscripto
482 1200 590 1266 omnia
620 1201 747 1285 integra
774 1201 931 1286 exhiberi,
962 1202 1080 1268 sedin
1109 1202 1161 1266 his
1192 1199 1355 1286 plerisque

233 1305 368 1370 frustula
398 1309 520 1368 tantum
547 1304 736 1369 Ausoniana
764 1303 886 1389 inesse,
916 1303 950 1369 id
976 1305 1010 1368 in
1036 1303 1148 1389 primis
1178 1302 1356 1368 dolendum

232 1415 296 1472 est:
320 1426 384 1489 qua
407 1425 446 1470 ex
468 1405 704 1489 praesidiorum
727 1406 839 1490 inopia
861 1406 1015 1491 sequitur,
1038 1414 1072 1472 ut
1094 1405 1212 1472 certius
1235 1403 1357 1488 aliquid

233 1509 274 1575 de
296 1509 421 1573 ratione
442 1507 524 1574 inter
539 1507 645 1572 iibros
667 1508 889 1574 intercedente
908 1509 1051 1592 proferre
1067 1507 1291 1574 difficillimum
1307 1506 1356 1572 sit.

232 1610 297 1677 Sed
329 1617 438 1675 tamen
468 1609 529 1674 hoc
552 1629 744 1694 persuasum
767 1610 845 1675 mibi
868 1618 929 1693 est,
958 1612 1057 1676 verba
1088 1617 1218 1694 poetae,
1247 1607 1356 1694 qualia

231 1733 316 1778 nunc
339 1713 372 1777 in
395 1711 591 1776 editionibus
616 1718 756 1798 exstent,
784 1713 890 1778 redire
913 1712 956 1778 ad
979 1713 1097 1794 duos⁶)
1120 1712 1180 1778 hos
1203 1710 1356 1794 antiquis-

232 1815 331 1880 simos
354 1821 509 1898 quantum
531 1812 671 1880 sciamus
694 1815 811 1900 sontes,
835 1815 979 1882 codicem
1003 1815 1196 1881 Vossiauum
1219 1833 1271 1880 no.
1296 1817 1351 1876 111

231 1918 291 1994 (V)
321 1923 353 1982 et
384 1916 528 1982 codicem
556 1917 693 1982 Joanuis
723 1917 798 1982 'lilii
825 1917 1082 2000 Engotismensis
1113 1913 1356 2000 (Augouldme),

232 2017 397 2103 scripturis
420 2017 594 2112 admodum
618 2019 850 2103 discrepantes,
900 2019 989 2085 Multi
1014 2039 1032 2084 e
1056 2017 1171 2085 ceteris
1194 2015 1284 2084 libris
1307 2038 1355 2084 16-

232 2121 390 2187 centiores
415 2141 486 2186 oum
512 2121 665 2186 alterutro
693 2121 896 2206 cognationis
924 2121 1066 2207 quodam
1089 2121 1217 2186 vinculo
1242 2118 1356 2186 cohae-

231 2230 313 2307 rent,
343 2223 389 2287 ita
417 2228 451 2287 ut
478 2222 563 2288 duae
590 2223 732 2289 familiae
759 2223 926 2311 scripturis
954 2224 1176 2309 discrepantes
1199 2221 1355 2306 distingui

230 2324 364 2409 possint.
400 2326 471 2391 Hoc
488 2325 586 2408 igitur
604 2325 717 2392 ordine
735 2327 880 2410 singulos
899 2327 999 2392 libros
1017 2325 1255 2410 manuscriptos
1271 2345 1356 2390 nunc

231 2428 363 2494 afferam
396 2432 428 2492 et
459 2447 582 2512 eorum,
613 2435 767 2511 quantum
800 2430 870 2512 ejus
901 2428 971 2494 fieri
1001 2427 1129 2512 poterit,
1166 2434 1357 2509 argumenta

231 2537 328 2613 atque
350 2529 492 2596 indolem
515 2529 690 2614 enarrab03
719 2531 811 2597 tertio
834 2533 907 2598 loco
931 2550 988 2598 eos
1010 2529 1122 2613 libros,
1153 2529 1194 2594 de
1222 2549 1355 2612 quorum

232 2631 356 2714 origine
388 2632 619 2718 scripturisque
646 2633 796 2717 equidem
822 2633 995 2699 6111111616
1022 2630 1129 2698 adhuc
1158 2637 1356 2716 compertum

232 2733 348 2819 habeo,
372 2733 550 2800 seeundum
573 2756 685 2801 eorum
707 2744 898 2819 argumenta
922 2734 1118 2820 compositos
1141 2732 1270 2798 addam.

781 2961 805 3022 1.

428 3073 544 3142 (lodex
565 3073 753 3142 Vossianus
776 3073 829 3140 111
852 3070 996 3158 ejusque
1018 3069 1162 3139 familia.

318 3218 347 3291 1)
374 3219 474 3281 Codex
504 3219 665 3280 Vossianus
686 3232 819 3278 numero
846 3218 899 3277 111
928 3217 1071 3294 notatus,
1093 3209 1185 3274 initio
1208 3228 1293 3274 saec.
1309 3207 1356 3271 IX

230 3314 470 3398 longobardicis
498 3316 613 3382 litteris
644 3322 807 3400 exaratus,
838 3315 879 3380 de
911 3313 1003 3396 cujus
1033 3319 1167 3377 externa
1196 3311 1301 3376 forma
1324 3317 1357 3375 et

230 3417 421 3483 condicione
450 3424 602 3483 accurate
632 3417 810 3502 disputavit
837 3417 885 3482 Al.
915 3415 1053 3497 Riesius‚
1083 3413 1212 3478 Authol.
1240 3413 1294 3477 lat.
1323 3412 1356 3476 11

228 3519 327 3602 praef.
350 3540 379 3602 p.
401 3519 644 3600 XVI—XVIII,
667 3541 730 3584 non
754 3519 852 3583 multo
878 3524 952 3600 post
974 3535 1093 3580 aunum
1116 3519 1193 3580 1551
1220 3515 1254 3580 in
1276 3513 1356 3579 anti·

229 3623 283 3706 qui
305 3622 470 3688 Barbarae
493 3622 620 3688 insulae
644 3620 793 3686 coenobii
815 3618 1012 3684 bibliotheca
1034 3636 1055 3681 a
1078 3616 1241 3701 Stephano
1258 3615 1355 3681 Obar-

227 3724 317 3808 pino,
340 3723 510 3789 sacerdote
525 3723 748 3808 Lugdunensi‚
764 3727 910 3806 repertus
927 3727 977 3786 est
992 3720 1046 3798 (ci.
1060 3721 1082 3786 J
1084 3741 1111 3786 6.
1126 3718 1197 3784 Alb.
1213 3717 1355 3783 Fabricii

229 3825 305 3891 bibl.
330 3826 382 3891 lat
406 3825 456 3892 ed.
479 3825 520 3891 ab
547 3828 629 3909 Aug.
652 3824 824 3907 Ernestio).
876 3823 937 3903 Qui
961 3822 1092 3907 quidem
1113 3821 1195 3887 liber
1216 3820 1355 3902 primum

228 3926 362 3994 editioni
377 3927 622 3995 Tornaesianae
643 3929 719 3994 anui
748 3931 827 3994 1558
844 3925 1087 3993 fundamentum
1107 3921 1179 4006 suit,
1201 3921 1244 3986 ad
1261 3921 1353 4004 cujus

226 4037 390 4096 auctorem
414 4037 499 4097 certe
521 4032 622 4097 multa
645 4052 685 4097 ea
708 4050 791 4115 quae
814 4027 904 4094 initio
933 4027 1092 4110 cujusque
1121 4023 1274 4091 carminis
1297 4024 1352 4090 ad-

226 4133 346 4216 scripta
368 4133 572 4200 inveniuntur
599 4135 693 4218 signa
719 4130 922 4218 imprimendi
951 4151 1052 4198 causa
1074 4133 1187 4195 notata
1210 4127 1354 4195 redeunt

292 4390 315 4456 ⁶)
333 4393 451 4446 Alterum
468 4392 625 4445 Vossianum
642 4407 718 4459 quem
736 4392 823 4443 dicunt
841 4393 873 4444 de
890 4390 1015 4442 industria
1032 4389 1082 4440 hoc
1100 4387 1158 4440 loco
1177 4388 1277 4440 omitto.
