3234 4932
776 287 987 360 ..pr-

319 485 410 565 geret
431 481 543 564 filium,
567 501 630 566 quo
652 487 744 567 pater
767 482 897 547 orbatus
920 481 1032 547 iuerat.
1075 479 1140 546 Sed
1163 499 1204 546 ne
1226 479 1289 544 boc
1313 477 1443 563 quidem

291 667 292 670 Ἴ
320 583 439 668 placet,
477 605 550 650 cum
582 593 669 650 certa
702 584 861 670 quaedam
896 583 978 648 ratio
1014 582 1188 648 admodum
1226 579 1443 646 desideretur:

321 685 431 752 subest
454 687 537 753 enim
562 687 722 771 quaestio,
746 708 801 752 our
816 687 980 752 Ausonius
1003 705 1068 751 non
1092 691 1198 750 dextro
1215 691 1323 749 lamine
1346 684 1442 769 serip-

320 788 409 872 serit,
432 796 529 872 atque
546 789 632 854 omni
642 790 717 874 jure
733 789 883 854 Bartbius
900 794 1018 873 monet,
1038 787 1136 852 filium
1152 787 1258 871 potius
1279 786 1442 866 ,dextrum

318 890 445 956 lumen“
480 911 575 976 quam
605 891 732 956 laevum
765 890 937 956 dicendum
966 891 1078 973 fuisse,
1115 888 1291 973 superstite¹
1317 896 1440 954 tantum

319 991 394 1056 filia.
439 991 501 1070 Qut
522 994 571 1059 vir
594 991 708 1060 doctus
730 993 800 1077 ipsc
822 1005 910 1072 atque
925 1015 984 1060 eno
1001 992 1205 1059 scribendum
1222 1011 1294 1058 esse
1312 991 1443 1075 censuit,

319 1095 353 1159 id
377 1093 463 1177 qnod
485 1095 672 1179 plerumque
694 1096 728 1161 in
752 1097 946 1162 editionibus
969 1117 1054 1162 nune
1071 1101 1187 1179 exstat,
1209 1115 1250 1160 ae
1273 1093 1352 1158 nihil
1373 1115 1444 1178 pro·

320 1196 403 1262 secto
433 1197 466 1262 in
497 1197 559 1264 bac
591 1199 748 1282 scriptura
778 1197 1080 1283 reprehendendum
1106 1197 1232 1263 videtur
1265 1195 1327 1262 nisi
1359 1193 1445 1278 qnod

319 1299 414 1365 nimis
438 1320 458 1364 a
480 1299 598 1367 tradita
621 1301 748 1366 recedit.
788 1301 892 1378 Quam
908 1306 1015 1366 autem
1038 1301 1182 1385 ineptum
1204 1299 1366 1364 interdurn
1391 1297 1441 1382 sit,

320 1402 492 1468 remotiora
508 1423 662 1487 quaerere
679 1411 775 1469 antea
798 1423 894 1486 quem
916 1403 949 1468 in
972 1401 1019 1485 id,
1042 1402 1129 1486 quod
1152 1407 1227 1466 ante
1244 1401 1354 1467 oculos
1370 1421 1441 1484 pro·

319 1504 459 1588 positum
476 1512 532 1590 est,
549 1505 733 1589 diligentius
749 1506 961 1592 inquisiverit,
977 1505 1073 1590 hujus
1089 1505 1134 1569 rei
1149 1503 1442 1568 luculentissimum

323 1608 503 1692 exemplum
525 1607 586 1673 boc
609 1610 681 1674 loco
705 1629 817 1674 revera
840 1614 953 1674 exstat.

405 1710 453 1774 Ae
482 1711 618 1793 primum
646 1709 775 1795 quidem
805 1711 1001 1776 monendum
1033 1718 1094 1794 est,
1126 1708 1210 1774 inV
1238 1708 1349 1774 codice
1378 1728 1444 1773 non

320 1819 437 1876 oclcroo
461 1813 519 1878 sed
542 1812 753 1878 disertissime
776 1822 889 1879 celetem
918 1813 1077 1896 exhiberi3
1106 1819 1174 1877 tum
1202 1830 1277 1876 vero
1307 1811 1443 1878 alterurn

319 1913 381 1976 hoo
405 1921 540 1998 constat,
563 1915 729 1980 librarium
752 1921 771 1979 b
793 1915 944 2000 litteram,
967 1915 1023 1980 ubi
1040 1913 1159 2000 adponi
1176 1933 1247 1978 eam
1267 1914 1444 1997 oportebat,

319 2015 507 2100 plerumque
531 2018 695 2084 omisisse:
718 2038 818 2102 quare
841 2019 909 2083 reri
933 2008 1127 2083 simillimum
1151 2022 1211 2100 est,
1239 2016 1272 2080 in
1296 2024 1360 2081 octe
1383 2016 1442 2082 for-

319 2137 391 2184 mae
414 2125 616 2185 monstrosae
638 2119 729 2186 initio
752 2128 809 2187 boc
831 2123 949 2204 laterc;
971 2119 1034 2184 buc
1056 2119 1182 2185 tertium
1199 2119 1331 2202 accedit,
1355 2117 1441 2202 quod

320 2220 507 2286 certissimis
538 2224 694 2305 exemplis
725 2223 885 2289 adductus
904 2229 1039 2308 partem
1071 2222 1185 2287 saltem
1215 2221 1243 2285 V
1272 2221 1393 2286 codicis
1423 2241 1444 2286 a

319 2321 448 2387 librario
480 2324 520 2388 dc
552 2324 704 2390 dictando
733 2325 884 2409 scriptam
913 2345 986 2390 csse
1015 2325 1177 2409 suspicor:
1208 2325 1317 2408 itaque
1349 2323 1443 2390 facile

320 2423 387 2489 fieri
411 2432 548 2511 poterat,
571 2434 606 2492 ut
627 2427 792 2512 librarius,
815 2447 886 2492 cum
910 2427 994 2492 male
1016 2425 1147 2492 auribus
1164 2426 1316 2492 dictantis
1332 2447 1445 2492 vocem

320 2526 493 2612 exciperet,
517 2537 622 2614 lepre
646 2553 702 2610 pce
724 2531 886 2596 scriberet.
935 2530 1025 2594 Haec
1047 2528 1175 2594 Nicolai
1198 2528 1324 2593 Heinsii
1348 2519 1443 2594 ratio-

321 2627 439 2694 cinatio
462 2629 562 2696 luisse
584 2631 721 2717 videtur,
744 2633 798 2716 qui
822 2632 1026 2698 scribendum
1049 2631 1230 2715 proposuit:

537 2739 666 2800 Saucius
686 2740 802 2814 hocque
825 2745 872 2800 tuo
895 2741 1002 2799 lamiae
1025 2755 1127 2800 caestu
1149 2755 1225 2798 eruc.

321 2831 412 2910 Quae
441 2835 635 2920 emendatio,
667 2857 738 2902 cum
771 2857 897 2902 omnem
926 2856 1013 2926 prae
1030 2855 1065 2902 se
1096 2835 1177 2900 ierat
1207 2835 1442 2918 probabilitatis

319 2936 473 3020 speeiem,
504 2937 602 3003 miror
632 2940 718 3024 quod
749 2959 860 3006 omnes
887 2947 1015 3024 praeter
1036 2938 1177 3004 Boltinm
1203 2936 1290 3002 viros
1314 2936 1443 3002 criticos

318 3037 408 3120 fugit.

403 3140 479 3205 Janr
509 3145 621 3227 paneis
647 3145 754 3211 verbis
783 3145 939 3228 attingam
968 3143 1052 3210 duos
1076 3145 1166 3208 locos
1189 3142 1223 3206 in
1245 3142 1443 3226 praeceden-

318 3240 404 3306 tibus
434 3243 580 3309 versibus
610 3253 786 3331 exstantes,
819 3247 873 3310 ubi
900 3246 940 3311 de
963 3246 992 3309 V
1013 3245 1086 3310 libri
1115 3245 1280 3328 scripturis
1310 3265 1393 3326 quae
1426 3266 1446 3309 a

318 3343 458 3426 vulgatis
481 3347 635 3413 recedunt
658 3368 752 3413 nemo
776 3349 882 3414 adhue
906 3348 1089 3430 disputavit.

403 3467 431 3512 v.
455 3451 494 3512 22
517 3457 622 3516 sedala
645 3473 733 3530 prtum
757 3457 850 3516 timidi
871 3451 904 3514 in
927 3449 1122 3515 editionibus
1139 3450 1289 3533 legimns,
1315 3472 1371 3530 qao
1387 3471 1444 3534 pro

320 3569 409 3627 qaum
424 3547 451 3612 V
466 3552 694 3635 praebettqao
717 3562 824 3620 antem
848 3553 926 3618 nihil
949 3551 1038 3618 aliud
1058 3558 1107 3642 est
1123 3572 1218 3636 quam
1239 3560 1330 3636 qaod,
1355 3553 1446 3638 cujus

320 3655 465 3720 d'littera
479 3655 585 3720 finalis
602 3664 676 3720 ante
693 3657 940 3739 subsequentem
958 3655 1151 3722 tintercidit.
1209 3660 1295 3731 (laod
1317 3656 1448 3739 scriptu·

318 3777 388 3822 ram
410 3757 508 3842 igitur
530 3757 628 3822 multo
651 3765 817 3840 praestare
840 3758 1061 3841 unnsquisque
1090 3757 1169 3821 milri
1187 3757 1352 3841 concedet,
1376 3777 1447 3824 cum

319 3860 475 3926 hocloco
498 3879 564 3924 non
588 3857 627 3924 de
649 3859 723 3943 ipsa
746 3859 883 3924 formula
901 3859 935 3923 in
951 3858 1069 3923 tabulis
1087 3859 1217 3924 condita
1240 3866 1366 3943 agatur,
1390 3859 1447 3926 sed

321 3961 361 4028 de
384 3963 540 4028 termulae
563 3967 911 4044 argumento⁸tantum3
941 3981 1006 4025 non
1029 3961 1114 4026 enim
1138 3961 1232 4026 matri
1262 3961 1371 4028 tabula
1394 3962 1449 4026 illa

320 4064 353 4128 in
369 4065 519 4130 manibus
535 4072 617 4147 erat,
638 4064 685 4128 ita
707 4071 741 4128 ut
764 4072 911 4146 retegere
936 4069 1059 4147 posset,
1084 4062 1142 4129 sed
1165 4083 1321 4128 arcanum
1344 4065 1448 4128 solum

320 4185 386 4230 non
408 4166 592 4249 ignorabat,
616 4166 703 4249 quod
727 4186 806 4231 avus
830 4185 901 4230 oum
925 4184 965 4230 ca
989 4165 1290 4230 communicaverat.

405 4265 561 4350 Ejusdem
576 4267 649 4332 libri
666 4267 855 4333 auctoritate
870 4267 954 4332 nitor
970 4267 1066 4332 etiam
1082 4287 1109 4332 v.
1126 4271 1183 4330 nt:
1206 4265 1252 4330 ibi
1268 4265 1296 4329 V
1315 4267 1450 4349 praebet

318 4376 409 4460 fortis
431 4375 489 4434 teto
512 4376 646 4436 cosmae
668 4376 760 4452 deae,
783 4389 841 4453 pro
864 4369 981 4452 quibus
1000 4367 1152 4453 editores,
1175 4368 1315 4436 fortasse
1339 4369 1447 4438 verbis
